3800 5050
644 381 1146 526 'De'Sup'erficiebns
1418 378 1525 530 167
1621 506 1624 511 ,

282 616 285 620 ·
320 576 406 684 481
468 568 623 659 Coroll.
640 570 753 686 Ergo
767 571 924 653 termini
950 566 1178 675 superficiei
1194 630 1207 676 ‚
1225 569 1445 655 seeundum
1459 569 1550 654 lon·
1569 567 1658 679 lug.

85 761 88 820 t
147 798 150 801 ⁴
262 693 482 812 gitudinem
499 754 513 799 ,
530 693 573 775 bt
598 690 876 791 latitudinem,
904 708 994 772 sunt
1022 688 1172 795 lineae;
1202 687 1422 775 secundum
1451 718 1550 796 pro-

263 813 500 899 funditatem
528 811 617 913 ipsa
638 828 704 890 est
717 807 918 888 terminus
935 805 998 887 sui
1023 808 1161 909 ipsius.
1543 877 1547 881 ,

265 992 271 1005 .
323 931 408 1038 482
468 924 608 1012 Schol.
631 928 680 1009 ln
697 920 1027 1034 qualibet'figura
1047 924 1206 1008 ABCD
1222 943 1313 1009 sunt
1336 925 1419 1012 duo
1446 954 1549 1033 pres
1580 974 1637 1061 30

85 1127 87 1170 3
263 1043 382 1155 cipue
401 1043 719 1148 consideranda,
739 1043 995 1147 perimetrum
1013 1066 1154 1143 nempe
1170 1041 1244 1150 (de
1261 1071 1343 1150 quo
1358 1047 1549 1161 egimus),

83 1174 87 1260 ‚t
217 1214 222 1219 ,
261 1168 304 1250 δι
341 1169 511 1271 spatium
544 1166 646 1247 inter
678 1159 782 1245 illud
809 1156 1171 1261 comprehensum,
1201 1162 1244 1243 bt
1275 1165 1356 1246 hoc
1386 1159 1549 1270 proprie

261 1282 493 1391 superficies
522 1282 697 1384 dicitur,
717 1304 787 1361 seu
809 1300 937 1380 area,
964 1270 1018 1355 de
1043 1299 1124 1378 qua
1146 1299 1249 1375 nunc
1274 1283 1486 1390 agendum.
1532 1328 1546 1353 ·,

266 1458 275 1467 -
319 1405 408 1511 483
468 1397 681 1483 Definitn.
702 1394 895 1483 Mensura
912 1388 1217 1497 superficierum
1242 1396 1467 1481 necessario
1487 1420 1547 1487 est
1711 1502 1714 1511 ,

127 1554 131 1561 ·
262 1547 342 1607 una
370 1513 602 1620 superficies
627 1514 646 1623 (
676 1512 717 1627 ᾗ.
735 1533 823 1624 294
849 1511 894 1620 ),
912 1538 1002 1618 quae
1021 1526 1179 1612 sumpta
1204 1527 1392 1616 tanquam
1417 1519 1548 1602 unitus

261 1638 486 1740 exprimere
511 1630 649 1715 valeat
672 1632 895 1734 rationem,
914 1652 1036 1733 quam
1056 1651 1149 1709 cum
1167 1651 1218 1708 ea
1237 1625 1411 1712 babeant
1435 1660 1549 1740 quae-

263 1751 364 1837 libet
381 1856 386 1865 ¹
401 1753 492 1836 alin
530 1745 792 1853 superficies,
828 1742 971 1855 quibus
1005 1741 1273 1851 proculdubio
1297 1742 1548 1866 homogenen'

266 1888 360 1951 est·
418 1869 482 1950 '80
538 1927 549 1950 .
1110 1916 1112 1921 ·

320 1869 423 2093 42³2
470 1866 609 2068 Sc)hnl.
639 1981 881 2090 superficies
909 2011 984 2089 pro
1007 1984 1157 2069 unitate
1183 2003 1340 2091 sumpta
1365 1986 1422 2073 ad
1441 2014 1549 2073 men·
1572 2021 1637 2105 ‚32

264 2101 458 2189 surandas
479 2102 712 2208 superficies
737 2122 797 2186 est
818 2103 1058 2212 quadratum
1075 2104 1356 2217 magnitudinis
1378 2103 1553 2194 arbitra-

264 2222 367 2328 τίεις
406 2246 498 2305 nam
540 2248 634 2305 eum
674 2223 753 2305 sint
791 2223 965 2329 aequales
1001 2221 1090 2335 ejus
1131 2221 1304 2337 anguli,
1340 2222 1383 2307 δι
1422 2224 1550 2315 latera

232 2441 237 2453 .
263 2334 355 2449 (ᾗ.
372 2357 463 2447 423.
489 2336 536 2448 )‚
563 2366 645 2421 uno
671 2338 852 2423 dimenso
875 2337 1047 2423 habetur
1074 2338 1312 2453 longitudo,
1335 2340 1382 2423 bt
1409 2341 1549 2429 latitu-

263 2453 320 2540 do
346 2451 382 2564 (·
394 2452 436 2568 §.
457 2453 544 2566 360
572 2455 618 2566 ),
636 2482 760 2563 quare
778 2455 939 2541 fac-ilius
957 2455 1190 2560 exprimitur
1208 2458 1310 2542 tatio
1338 2484 1441 2544 cum
1457 2464 1550 2570 quis

261 2570 437 2659 buslibet
448 2668 451 2675 ,
461 2575 553 2658 aliis
566 2570 864 2680 superficiebus.
897 2572 1018 2656 Unde
1037 2572 1269 2678 quadrare,
1286 2572 1329 2657 dr
1346 2601 1549 2665 mensura·

261 2718 311 2777 re
340 2720 415 2797 pro
436 2692 579 2777 eodem
605 2694 646 2774 in
664 2687 898 2773 Geometria
923 2687 1106 2784 habetur.
1209 2695 1211 2700 '

100 2854 104 2863 .
261 2847 267 2854 ·
316 2809 405 2918 485
467 2808 606 2893 Probl.
637 2809 830 2892 Invenire·
839 2803 1089 2913 superficiem
1107 2812 1223 2887 nnius
1236 2807 1436 2910 ‘quadrati
1453 2811 1544 2896 Ac.
1584 2825 1616 2844 ‘⁴

259 2951 286 3004 s·
347 2924 476 3012 Solut.
510 2925 711 3014 Videatur
735 2923 897 3032 quoties
923 2925 964 3004 in
989 2920 1077 3006 basi
1104 2922 1186 3005 AB
1207 2923 1455 3011 contineatur
1476 2927 1546 3017 bas
1578 2893 1633 2985 53

259 3048 314 3130 sis
333 3048 386 3128 ab
410 3045 604 3151 unitatis,
630 3073 680 3128 ae
710 3069 895 3128 numerus
922 3059 1087 3148 quotum
1114 3042 1336 3144 exprimens
1352 3043 1395 3124 in
1419 3073 1461 3127 se
1481 3049 1549 3152 ip·-

261 3187 357 3244 sum
375 3164 577 3270 'ducaturt
595 3161 836 3268 produbium
862 3154 1086 3243 declarabit
1112 3160 1268 3266 quoties
1286 3163 1477 3248 sumenda
1496 3167 1547 3248 sit

259 3279 418 3385 unitas,
434 3311 517 3367 seu
550 3279 782 3388 superficies
812 3279 916 3362 abed
947 3275 1003 3362 ad
1039 3271 1266 3363 habendam
1294 3279 1546 3384 superficiem

259 3393 449 3508 quadrati
466 3399 551 3484 Ac.
745 3456 747 3461 -
956 3471 959 3478 .
1106 3401 1109 3410 “
1191 3457 1194 3464 »
1436 3431 1440 3440 ’
1526 3467 1529 3476 .

127 3551 131 3556 ·
351 3506 482 3617 Super
506 3515 634 3601 basim
651 3511 1020 3599 ABcontinebitur
1034 3516 1197 3620 unitas,
1217 3515 1285 3599 vel
1306 3517 1546 3625 quadratum
1672 3562 1675 3568 ·

257 3631 363 3714 abed
376 3633 519 3739 toties,
537 3636 692 3740 quoties
718 3630 825 3715 basis
842 3633 896 3714 ab
909 3635 1101 3738 .unitatis3
1116 3634 1159 3716 bt
1178 3634 1273 3714 item
1293 3637 1423 3720 unitas
1434 3636 1546 3717 'abed

255 3777 380 3856 super
403 3749 509 3835 latus
527 3751 629 3857 BC,
653 3752 809 3859 quoties
832 3750 939 3834 latus
966 3751 1128 3832 unitatis
1148 3750 1226 3854 bc,
1252 3754 1369 3836 toties
1385 3752 1546 3836 scilicet

114 3929 118 3936 -
260 3872 416 3971 quoties
433 3865 540 3954 basis
554 3871 607 3952 ab
624 3866 884 3975 superbasim
895 3868 992 3972 AB,
1004 3893 1096 3950 cum
1111 3867 1547 3970 sitABzBQabm
1598 3915 1607 3926 ,

257 3979 340 4088 bc(
368 3985 410 4095 5.
426 4011 513 4100 423
545 3987 561 4099 )
580 4016 707 4103 :ergo
729 3989 763 4070 si
783 3985 1057 4071 consideretur
1076 3986 1207 4068 divisa
1239 3983 1344 4068 basis
1365 3984 1476 4092 AB,
1505 3990 1547 4073 &

82 4190 83 4217 ζ
254 4093 365 4179 latus
381 4103 455 4184 BC
469 4107 511 4187 in
528 4103 745 4212 quemlibet
760 4132 965 4189 numerum
984 4105 1156 4208 partium
1173 4101 1387 4208 aequalium
1403 4129 1468 4212 nc,
1482 4105 1561 4210 ald,

81 4276 90 4347 ³,
255 4215 291 4299 si
318 4238 393 4321 per
409 4220 553 4318 nunna
567 4223 779 4334 cujuslibet
799 4223 1010 4310 divisionis
1026 4221 1096 4308 lin.
1107 4221 1187 4304 AB
1202 4219 1401 4308 ducantur
1414 4223 1551 4328 parole

261 4387 279 4397 .„
356 4403 362 4412 ,
1487 4339 1551 4423 le-
