3800 5050
391 434 464 541 66
767 432 904 533 Pura
930 432 976 533 I.
1002 433 1130 533 Art.
1157 430 1255 536 IV.

345 604 545 695 inferioris
576 601 704 716 major
729 600 849 688 fuerit
884 604 1092 709 superiore
1125 589 1168 687 ei
1191 603 1491 719 respondente,
1516 618 1648 700 unitas
1730 673 1733 679 -
1816 693 1817 710 ,

343 720 530 828 6666ςί6
558 717 738 827 proxime
764 720 907 833 majori
937 742 1147 829 sumetur,
1172 751 1262 831 quae
1301 744 1445 827 postea
1481 759 1648 838 compu-

346 841 524 951 rabitur,
541 844 581 927 &
602 842 655 928 ad
670 844 846 948 speciem
870 838 1101 925 inferiorem
1120 842 1285 925 reducta
1305 840 1322 949 (
1352 839 1394 953 9.
1411 865 1467 949 46
1501 847 1546 954 )‚
1574 878 1647 935 nu.

292 1030 296 1043 .
345 990 459 1047 mero
487 959 915 1069 superioriaddetur,
940 962 981 1044 &
1004 960 1111 1044 fasta
1133 961 1388 1064 postmodum
1410 959 1648 1048 subtradio·

345 1110 426 1191 ne,
454 1082 655 1167 residuum
682 1074 756 1163 sub
782 1080 1051 1183 respondente
1071 1079 1264 1163 columna
1288 1073 1502 1162 locabitur.
1532 1080 1645 1165 Idem

347 1228 442 1287 cum
471 1192 636 1304 reliquis
662 1194 874 1305 speciebus
904 1196 985 1283 fiet.
1164 1268 1169 1275 .

354 1358 383 1391 .·
436 1317 652 1424 Quantitas
683 1320 748 1403 in..
936 1331 1015 1381 ann.
1081 1328 1186 1381 mens.
1237 1308 1348 1394 dies..
1390 1308 1484 1383 bor.
1520 1313 1647 1387 'minut

346 1434 470 1521 ferior
500 1432 523 1520 ὲ
551 1440 749 1542 superiori
949 1424 1071 1509 94···
1108 1428 1221 1486 ῙΟ···
1257 1425 1377 1509 95···
1437 1426 1524 1513 4..
1557 1410 1614 1516 39

349 1555 637 1640 subtrahenda.
955 1541 1638 1632 14·.·11...24...12..3o

926 1640 1639 1663 *···—*···—

351 1735 361 1765 .
434 1674 590 1777 Incipio
629 1666 654 1753 ὲ
687 1673 745 1753 in·
802 1670 940 1755 Resid.
974 1695 1065 1807 9..
1102 1698 1216 1756 11...
1277 1700 1368 1757 o...
1406 1671 1519 1756 16.
1584 1702 1610 1757 2

346 1788 517 1899 feriori,
546 1791 589 1877 bt
624 1785 795 1873 dico:
781 1818 804 1871 e
842 1816 896 1898 32
931 1790 1068 1872 minut.
1108 1789 1385 1875 subtrahendo
1415 1818 1469 1901 3⁰
1506 1818 1642 1877 rema-

345 1936 439 1999 nent
461 1941 516 2018 6,
545 1937 664 2017 quem
690 1905 763 1989 sub
792 1905 943 1989 lineola
975 1934 1114 2013 pono·
1139 1910 1443 1992 &transeundo
1462 1910 1517 1992 ad
1546 1937 1642 2015 spe-

346 2034 450 2117 ciem
476 2028 776 2129 immediatam,
795 2036 887 2107 cum
916 2018 939 2105 ὲ
965 2025 1125 2131 4hor1s
1151 2052 1203 2105 12
1225 2023 1423 2106 subtrahi
1420 2046 1642 2132 nequeant,

344 2175 459 2233 sumo
479 2175 497 2231 1
520 2141 541 2226 ὲ
559 2144 695 2246 specie
712 2141 989 2246 antecedenti,
1006 2143 1094 2248 &4
1110 2142 1220 2222 horis
1239 2139 1417 2255 adjungo
1434 2163 1490 2247 64
1506 2141 1641 2247 horas,

327 2290 489 2368 ·nempe
519 2260 626 2341 diem
652 2285 774 2343 unum
801 2278 1100 2363 componentes.
1130 2254 1424 2343 Habebimus
1414 2277 1577 2365 traque
1584 2259 1638 2347 68

345 2385 434 2465 hor
451 2377 474 2463 ὲ
503 2374 647 2485 quibus
667 2374 940 2461 subtrahendo
963 2406 1047 2480 12,
1066 2396 1269 2461 remanent
1295 2373 1371 2459 16
1358 2404 1552 2486 ,appono
1570 2406 1640 2461 er-

297 2515 302 2519 ·
347 2521 401 2617 go
429 2494 505 2584 sub
538 2494 726 2580 columna
754 2495 843 2580 hor.
865 2492 946 2580 16:
981 2491 1190 2580 Deindeb
1222 2516 1282 2605 24
1305 2491 1442 2604 dieb,
1474 2523 1525 2579 eo
1553 2495 1638 2609 jam

345 2615 560 2720 detracto,
590 2615 659 2720 qui
686 2634 912 2721 assumptus
929 2636 990 2699 est
1013 2635 1058 2700 ut
1083 2614 1344 2700 addereretur
1364 2616 1516 2721 speciei
1504 2615 1640 2699 infe-

344 2737 465 2841 riori,
482 2730 675 2818 subtraho
693 2754 778 2842 24·
766 2790 781 2841 ,
796 2761 967 2842 cumque
986 2734 1119 2819 nullus
1137 2753 1340 2820 remaneat
1356 2761 1580 2860 ,suppono
1596 2756 1638 2818 ο.

345 2857 462 2938 Hincv
490 2851 543 2935 ad
568 2875 725 2934 menses
752 2871 944 2958 transeo,
978 2880 1151 2961 cumque
1177 2849 1201 2938 ὲ
1228 2882 1291 2936 ἰο
1315 2872 1514 2961 nequeant
1542 2849 1641 2936 sub-

287 2967 299 2981 '
345 2971 560 3071 nahtn,
588 2966 697 3052 addo
723 2998 775 3074 1,
800 2996 945 3056 annum
964 2973 1119 3056 scilicet
1149 2971 1204 3054 ad
1232 2998 1387 3054 menses
1419 2969 1639 3071 redatium,

346 3087 388 3170 δι
425 3111 479 3165 66
523 3109 713 3190 menses,
752 3083 775 3169 ὲ
816 3088 961 3194 quibus
1000 3117 1048 3170 11
1087 3084 1397 3193 subtrahendo,
1433 3086 1636 3170 residuum

345 3203 421 3286 erit
453 3229 535 3306 11,
558 3229 660 3308 quos
682 3200 755 3284 sub
781 3204 930 3288 lineola
957 3206 1169 3288 constituo.
1201 3204 1386 3340 Denique
1414 3199 1437 3286 ὲ
1468 3229 1522 3310 23
1544 3226 1636 3282 ann.

346 3315 619 3404 subtrahendo
654 3318 744 3427 14(
775 3317 817 3431 9.
837 3344 893 3431 27
923 3323 969 3433 ),
998 3322 1201 3407 residuum
1228 3324 1309 3404 erit
1331 3348 1391 3429 9,
1420 3317 1533 3425 quod
1562 3313 1637 3402 sub

346 3434 542 3534 lineola
531 3462 577 3520 m
601 3463 690 3520 ann.
727 3438 915 3523 columna
943 3441 1149 3545 positum,
1178 3438 1378 3522 residuum
1403 3434 1529 3522 totale
1561 3437 1638 3572 erit

348 3554 1236 3662 :.:9ann.÷11mens.÷16hor.÷nmin.

406 3666 465 3776 76
526 3667 663 3752 Probl.
683 3698 721 3779 3.
753 3672 958 3759 Numeros
985 3675 1220 3778 complexos
1248 3668 1532 3777 multiplicare.
1559 3664 1640 3754 So-

348 3784 422 3868 lut.
452 3783 713 3870 Reducantur
747 3790 866 3873 ambo
903 3791 1077 3875 faetores
1116 3789 1171 3872 ad
1213 3790 1391 3892 speciem
1433 3791 1641 3891 minorem,

346 3925 470 4007 quam
501 3904 703 3986 continent
736 3903 752 4012 (
783 3905 897 4018 646
929 3908 978 4015 ):
1018 3905 1280 3988 Postmodum
1309 3905 1641 4011 unicuique-pro

345 4018 650 4104 ,denominatore
687 4044 913 4124 apponatur
943 4049 1128 4106 numerus
1162 4022 1387 4125 exprimens
1420 4041 1518 4128 quot
1549 4022 1641 4104 uni-

347 4153 454 4222 tates
484 4139 634 4238 specici
664 4137 862 4221 inferioris
880 4157 1122 4242 componant
1148 4165 1273 4223 unam
1292 4140 1441 4243 speciei
1461 4140 1638 4246 superio-

352 4254 406 4344 ris
423 4278 436 4363 5
456 4271 576 4364 atque
596 4253 675 4368 hoc
694 4253 801 4344 fatto
821 4256 1062 4365 procedetur
1078 4256 1133 4345 ad
1149 4255 1525 4365 multiplicationem
1541 4257 1640 4342 dua·

1552 4395 1641 4458 tum
