<?xml version="1.0" encoding="UTF-8"?>
<!DOCTYPE html PUBLIC "-//W3C//DTD XHTML 1.0 Transitional//EN"
    "http://www.w3.org/TR/xhtml1/DTD/xhtml1-transitional.dtd">
<html xmlns="http://www.w3.org/1999/xhtml" xml:lang="en" lang="en">
 <head>
  <title>
</title>
<meta http-equiv="Content-Type" content="text/html;charset=utf-8" />
  <meta name='ocr-system' content='tesseract 3.04.00' />
  <meta name='ocr-capabilities' content='ocr_page ocr_carea ocr_par ocr_line ocrx_word'/>
</head>
<body>
  <div class='ocr_page' id='page_1' title='image "./tractatuspraeli00villgoog_0203.png"; bbox 0 0 3800 5050; ppageno 0'>
   <div class='ocr_carea' id='block_1_1' title="bbox 393 409 1256 555">
    <p class='ocr_par' dir='ltr' id='par_1_1' title="bbox 393 409 1256 555">
     <span class='ocr_line' id='line_1_1' title="bbox 393 409 1256 555; baseline 0.014 -46"><span class='ocrx_word' id='word_1_1' title='bbox 393 409 499 539; x_wconf 86' lang='lat'>198</span> <span class='ocrx_word' id='word_1_2' title='bbox 714 414 855 519; x_wconf 87' lang='lat' dir='ltr'>Pars</span> <span class='ocrx_word' id='word_1_3' title='bbox 873 414 982 518; x_wconf 95' lang='grc' dir='ltr'>ΙΙΙ</span> <span class='ocrx_word' id='word_1_4' title='bbox 1001 417 1128 555; x_wconf 86' lang='lat' dir='ltr'><em>Art.</em></span> <span class='ocrx_word' id='word_1_5' title='bbox 1147 417 1256 522; x_wconf 91' lang='grc' dir='ltr'><em>ΙΙΙ.</em></span> 
     </span>
    </p>
   </div>
   <div class='ocr_carea' id='block_1_2' title="bbox 246 548 1644 934">
    <p class='ocr_par' dir='ltr' id='par_1_2' title="bbox 246 548 1644 932">
     <span class='ocr_line' id='line_1_2' title="bbox 246 548 1644 705; baseline 0.017 -39"><span class='ocrx_word' id='word_1_6' title='bbox 246 568 469 684; x_wconf 68' lang='lat' dir='ltr'>linuatus</span> <span class='ocrx_word' id='word_1_7' title='bbox 495 575 521 667; x_wconf 72' lang='grc' dir='ltr'>ὲ</span> <span class='ocrx_word' id='word_1_8' title='bbox 543 580 624 666; x_wconf 90' lang='lat' dir='ltr'>illis</span> <span class='ocrx_word' id='word_1_9' title='bbox 654 582 815 696; x_wconf 84' lang='lat' dir='ltr'>planis,</span> <span class='ocrx_word' id='word_1_10' title='bbox 837 592 913 673; x_wconf 84' lang='lat' dir='ltr'>erit</span> <span class='ocrx_word' id='word_1_11' title='bbox 939 548 1170 696; x_wconf 86' lang='lat' dir='ltr'>superficies</span> <span class='ocrx_word' id='word_1_12' title='bbox 1204 595 1341 680; x_wconf 91' lang='lat' dir='ltr'>totalis</span> <span class='ocrx_word' id='word_1_13' title='bbox 1361 601 1544 704; x_wconf 85' lang='lat' dir='ltr'>corporis</span> <span class='ocrx_word' id='word_1_14' title='bbox 1576 629 1644 705; x_wconf 79' lang='lat' dir='ltr'>re-</span> 
     </span>
     <span class='ocr_line' id='line_1_3' title="bbox 349 650 1640 825; baseline 0.022 -44"><span class='ocrx_word' id='word_1_15' title='bbox 349 700 503 825; x_wconf 81' lang='lat' dir='ltr'>gularis</span> <span class='ocrx_word' id='word_1_16' title='bbox 526 703 700 808; x_wconf 70' lang='lat' dir='ltr'>aquatis</span> <span class='ocrx_word' id='word_1_17' title='bbox 726 650 926 812; x_wconf 74' lang='lat' dir='ltr'>produdo</span> <span class='ocrx_word' id='word_1_18' title='bbox 951 708 1212 815; x_wconf 84' lang='lat' dir='ltr'>superficiei</span> <span class='ocrx_word' id='word_1_19' title='bbox 1200 736 1372 799; x_wconf 74' lang='lat' dir='ltr'>inventa</span> <span class='ocrx_word' id='word_1_20' title='bbox 1404 744 1476 822; x_wconf 90' lang='lat' dir='ltr'>per</span> <span class='ocrx_word' id='word_1_21' title='bbox 1505 748 1640 809; x_wconf 87' lang='lat' dir='ltr'>nume·</span> 
     </span>
     <span class='ocr_line' id='line_1_4' title="bbox 349 819 1445 934; baseline 0.016 -32"><span class='ocrx_word' id='word_1_22' title='bbox 349 846 439 905; x_wconf 90' lang='lat' dir='ltr'>rum</span> <span class='ocrx_word' id='word_1_23' title='bbox 463 819 794 934; x_wconf 85' lang='lat' dir='ltr'>superficierum,</span> <span class='ocrx_word' id='word_1_24' title='bbox 810 853 881 911; x_wconf 90' lang='lat' dir='ltr'>seu</span> <span class='ocrx_word' id='word_1_25' title='bbox 910 828 1122 932; x_wconf 89' lang='lat' dir='ltr'>planorum</span> <span class='ocrx_word' id='word_1_26' title='bbox 1140 832 1445 919; x_wconf 83' lang='lat' dir='ltr'>terminantium.</span> 
     </span>
    </p>
   </div>
   <div class='ocr_carea' id='block_1_3' title="bbox 705 1061 1285 1153">
    <p class='ocr_par' dir='ltr' id='par_1_3' title="bbox 705 1061 1285 1153">
     <span class='ocr_line' id='line_1_5' title="bbox 705 1061 1285 1153; baseline 0.007 -4"><span class='ocrx_word' id='word_1_27' title='bbox 705 1061 1132 1151; x_wconf 88' lang='lat' dir='ltr'><strong>ARTICULUS</strong></span> <span class='ocrx_word' id='word_1_28' title='bbox 1190 1066 1285 1153; x_wconf 91' lang='grc' dir='ltr'><em>ΙΙΙ.</em></span> 
     </span>
    </p>
   </div>
   <div class='ocr_carea' id='block_1_4' title="bbox 603 1282 1385 1391">
    <p class='ocr_par' dir='ltr' id='par_1_4' title="bbox 603 1282 1385 1391">
     <span class='ocr_line' id='line_1_6' title="bbox 603 1282 1385 1391; baseline 0.008 -12"><span class='ocrx_word' id='word_1_29' title='bbox 603 1282 672 1380; x_wconf 82' lang='lat' dir='ltr'>De</span> <span class='ocrx_word' id='word_1_30' title='bbox 691 1300 890 1391; x_wconf 80' lang='lat' dir='ltr'><em>Mensura</em></span> <span class='ocrx_word' id='word_1_31' title='bbox 919 1308 981 1389; x_wconf 86' lang='lat' dir='ltr'>sol</span> <span class='ocrx_word' id='word_1_32' title='bbox 963 1303 1385 1389; x_wconf 27' lang='lat' dir='ltr'>miditntts&#39;solidorun</span> 
     </span>
    </p>
   </div>
   <div class='ocr_carea' id='block_1_5' title="bbox 363 1520 1636 1765">
    <p class='ocr_par' dir='ltr' id='par_1_5' title="bbox 363 1520 1636 1765">
     <span class='ocr_line' id='line_1_7' title="bbox 363 1520 1636 1765; baseline 0.007 -146.123"><span class='ocrx_word' id='word_1_33' title='bbox 363 1520 467 1646; x_wconf 88' lang='lat'>396</span> <span class='ocrx_word' id='word_1_34' title='bbox 434 1532 817 1765; x_wconf 73' lang='lat' dir='ltr'>DEfinit.)</span> <span class='ocrx_word' id='word_1_35' title='bbox 767 1540 968 1621; x_wconf 83' lang='lat' dir='ltr'><em>Mensura</em></span> <span class='ocrx_word' id='word_1_36' title='bbox 983 1539 1196 1623; x_wconf 85' lang='lat' dir='ltr'>solidorum</span> <span class='ocrx_word' id='word_1_37' title='bbox 1214 1540 1636 1654; x_wconf 65' lang='lat' dir='ltr'>necennensium,</span> 
     </span>
    </p>
   </div>
   <div class='ocr_carea' id='block_1_6' title="bbox 635 1655 1632 1767">
    <p class='ocr_par' dir='ltr' id='par_1_6' title="bbox 635 1655 1632 1767">
     <span class='ocr_line' id='line_1_8' title="bbox 635 1655 1632 1767; baseline 0.004 -26.211"><span class='ocrx_word' id='word_1_38' title='bbox 635 1655 773 1767; x_wconf 79' lang='lat'>(294</span> <span class='ocrx_word' id='word_1_39' title='bbox 801 1655 956 1765; x_wconf 87' lang='lat' dir='ltr'>)quod</span> <span class='ocrx_word' id='word_1_40' title='bbox 984 1657 1136 1761; x_wconf 86' lang='lat' dir='ltr'>pluries</span> <span class='ocrx_word' id='word_1_41' title='bbox 1163 1686 1237 1763; x_wconf 91' lang='lat' dir='ltr'>pro</span> <span class='ocrx_word' id='word_1_42' title='bbox 1263 1660 1415 1743; x_wconf 86' lang='lat' dir='ltr'>unitate</span> <span class='ocrx_word' id='word_1_43' title='bbox 1432 1682 1632 1765; x_wconf 90' lang='lat' dir='ltr'>sumptum</span> 
     </span>
    </p>
   </div>
   <div class='ocr_carea' id='block_1_7' title="bbox 346 1736 1634 1977">
    <p class='ocr_par' dir='ltr' id='par_1_7' title="bbox 346 1736 1634 1977">
     <span class='ocr_line' id='line_1_9' title="bbox 346 1736 1634 1890; baseline 0.01 -39"><span class='ocrx_word' id='word_1_44' title='bbox 346 1736 569 1874; x_wconf 83' lang='lat' dir='ltr'>exprimere</span> <span class='ocrx_word' id='word_1_45' title='bbox 599 1775 737 1859; x_wconf 88' lang='lat' dir='ltr'>valeat</span> <span class='ocrx_word' id='word_1_46' title='bbox 763 1776 957 1890; x_wconf 83' lang='lat' dir='ltr'>rationem</span> <span class='ocrx_word' id='word_1_47' title='bbox 981 1802 1102 1883; x_wconf 90' lang='lat' dir='ltr'>quam</span> <span class='ocrx_word' id='word_1_48' title='bbox 1127 1804 1221 1863; x_wconf 86' lang='lat' dir='ltr'>cum</span> <span class='ocrx_word' id='word_1_49' title='bbox 1249 1803 1300 1861; x_wconf 90' lang='lat' dir='ltr'>eo</span> <span class='ocrx_word' id='word_1_50' title='bbox 1328 1775 1634 1886; x_wconf 71' lang='lat' dir='ltr'>habeantque·</span> 
     </span>
     <span class='ocr_line' id='line_1_10' title="bbox 346 1886 724 1977; baseline 0.014 -8"><span class='ocrx_word' id='word_1_51' title='bbox 346 1886 447 1974; x_wconf 88' lang='lat' dir='ltr'>libet</span> <span class='ocrx_word' id='word_1_52' title='bbox 473 1893 555 1977; x_wconf 88' lang='lat' dir='ltr'>alia</span> <span class='ocrx_word' id='word_1_53' title='bbox 581 1891 724 1974; x_wconf 88' lang='lat' dir='ltr'>solida.</span> 
     </span>
    </p>
   </div>
   <div class='ocr_carea' id='block_1_8' title="bbox 253 2005 1645 4277">
    <p class='ocr_par' dir='ltr' id='par_1_8' title="bbox 284 2005 1645 2472">
     <span class='ocr_line' id='line_1_11' title="bbox 284 2005 1635 2120; baseline 0.003 -27"><span class='ocrx_word' id='word_1_54' title='bbox 284 2049 382 2120; x_wconf 48' lang='lat'><em>3</em></span> <span class='ocrx_word' id='word_1_55' title='bbox 373 2033 496 2120; x_wconf 80' lang='lat'>597</span> <span class='ocrx_word' id='word_1_56' title='bbox 556 2006 694 2094; x_wconf 88' lang='lat' dir='ltr'>Schol.</span> <span class='ocrx_word' id='word_1_57' title='bbox 728 2005 912 2107; x_wconf 70' lang='lat' dir='ltr'>solidum</span> <span class='ocrx_word' id='word_1_58' title='bbox 932 2037 1007 2115; x_wconf 90' lang='lat' dir='ltr'>pro</span> <span class='ocrx_word' id='word_1_59' title='bbox 1024 2012 1176 2094; x_wconf 87' lang='lat' dir='ltr'>unitate</span> <span class='ocrx_word' id='word_1_60' title='bbox 1194 2012 1427 2101; x_wconf 89' lang='lat' dir='ltr'>sumendum</span> <span class='ocrx_word' id='word_1_61' title='bbox 1448 2013 1501 2105; x_wconf 86' lang='lat' dir='ltr'>ad</span> <span class='ocrx_word' id='word_1_62' title='bbox 1520 2040 1635 2097; x_wconf 89' lang='lat' dir='ltr'>men-</span> 
     </span>
     <span class='ocr_line' id='line_1_12' title="bbox 338 2125 1634 2233; baseline 0.01 -34"><span class='ocrx_word' id='word_1_63' title='bbox 338 2127 521 2221; x_wconf 81' lang='lat' dir='ltr'>suranda</span> <span class='ocrx_word' id='word_1_64' title='bbox 552 2127 684 2209; x_wconf 87' lang='lat' dir='ltr'>solida</span> <span class='ocrx_word' id='word_1_65' title='bbox 701 2126 858 2230; x_wconf 87' lang='lat' dir='ltr'>,debet</span> <span class='ocrx_word' id='word_1_66' title='bbox 878 2153 965 2210; x_wconf 85' lang='lat' dir='ltr'>esse</span> <span class='ocrx_word' id='word_1_67' title='bbox 989 2126 1122 2210; x_wconf 86' lang='lat' dir='ltr'>cubus</span> <span class='ocrx_word' id='word_1_68' title='bbox 1136 2125 1369 2209; x_wconf 87' lang='lat' dir='ltr'>arbitrarius</span> <span class='ocrx_word' id='word_1_69' title='bbox 1384 2155 1512 2233; x_wconf 65' lang='lat' dir='ltr'>qeum</span> <span class='ocrx_word' id='word_1_70' title='bbox 1528 2133 1634 2231; x_wconf 85' lang='lat' dir='ltr'>enirn</span> 
     </span>
     <span class='ocr_line' id='line_1_13' title="bbox 345 2242 1645 2351; baseline 0.005 -28"><span class='ocrx_word' id='word_1_71' title='bbox 345 2260 426 2325; x_wconf 91' lang='lat' dir='ltr'>tres</span> <span class='ocrx_word' id='word_1_72' title='bbox 444 2244 709 2337; x_wconf 71' lang='lat' dir='ltr'>dimensiones</span> <span class='ocrx_word' id='word_1_73' title='bbox 733 2248 814 2337; x_wconf 87' lang='lat' dir='ltr'>sint</span> <span class='ocrx_word' id='word_1_74' title='bbox 820 2243 1013 2351; x_wconf 87' lang='lat' dir='ltr'>aequales</span> <span class='ocrx_word' id='word_1_75' title='bbox 1044 2242 1061 2351; x_wconf 90' lang='lat'>(</span> <span class='ocrx_word' id='word_1_76' title='bbox 1094 2242 1179 2351; x_wconf 85' lang='grc'>556</span> <span class='ocrx_word' id='word_1_77' title='bbox 1209 2242 1256 2351; x_wconf 91' lang='grc'>),</span> <span class='ocrx_word' id='word_1_78' title='bbox 1282 2243 1325 2327; x_wconf 80' lang='lat' dir='ltr'>dc</span> <span class='ocrx_word' id='word_1_79' title='bbox 1342 2243 1533 2343; x_wconf 63' lang='lat' dir='ltr'>similiter</span> <span class='ocrx_word' id='word_1_80' title='bbox 1558 2274 1634 2331; x_wconf 84' lang='lat' dir='ltr'>an·</span> <span class='ocrx_word' id='word_1_81' title='bbox 1642 2244 1645 2251; x_wconf 82' lang='grc'><strong>’</strong></span> 
     </span>
     <span class='ocr_line' id='line_1_14' title="bbox 342 2358 1633 2475; baseline 0.005 -34"><span class='ocrx_word' id='word_1_82' title='bbox 342 2360 473 2472; x_wconf 80' lang='lat' dir='ltr'>guli(</span> <span class='ocrx_word' id='word_1_83' title='bbox 505 2384 591 2475; x_wconf 78' lang='grc'>550</span> <span class='ocrx_word' id='word_1_84' title='bbox 621 2363 670 2472; x_wconf 88' lang='grc'>),</span> <span class='ocrx_word' id='word_1_85' title='bbox 704 2360 865 2449; x_wconf 84' lang='lat' dir='ltr'>facilior</span> <span class='ocrx_word' id='word_1_86' title='bbox 900 2362 1082 2447; x_wconf 91' lang='lat' dir='ltr'>redditur</span> <span class='ocrx_word' id='word_1_87' title='bbox 1116 2362 1320 2466; x_wconf 76' lang='lat' dir='ltr'>expressio</span> <span class='ocrx_word' id='word_1_88' title='bbox 1345 2358 1432 2472; x_wconf 80' lang='lat' dir='ltr'>ejus</span> <span class='ocrx_word' id='word_1_89' title='bbox 1469 2364 1633 2461; x_wconf 87' lang='lat' dir='ltr'>rationis</span> 
     </span>
    </p>

    <p class='ocr_par' dir='ltr' id='par_1_9' title="bbox 308 2470 1632 2690">
     <span class='ocr_line' id='line_1_15' title="bbox 308 2470 1632 2593; baseline 0.006 -33"><span class='ocrx_word' id='word_1_90' title='bbox 308 2505 436 2578; x_wconf 69' lang='lat' dir='ltr'>¹eum</span> <span class='ocrx_word' id='word_1_91' title='bbox 471 2470 720 2590; x_wconf 88' lang='lat' dir='ltr'>quibuslibet</span> <span class='ocrx_word' id='word_1_92' title='bbox 754 2481 925 2593; x_wconf 77' lang='lat' dir='ltr'>solidis3</span> <span class='ocrx_word' id='word_1_93' title='bbox 958 2481 1063 2566; x_wconf 90' lang='lat' dir='ltr'>unde</span> <span class='ocrx_word' id='word_1_94' title='bbox 1092 2480 1365 2566; x_wconf 82' lang='lat' dir='ltr'>cubaturum</span> <span class='ocrx_word' id='word_1_95' title='bbox 1398 2476 1632 2568; x_wconf 85' lang='lat' dir='ltr'>Geometria</span> 
     </span>
     <span class='ocr_line' id='line_1_16' title="bbox 341 2585 835 2694; baseline 0.012 -15"><span class='ocrx_word' id='word_1_96' title='bbox 341 2585 449 2694; x_wconf 80' lang='lat' dir='ltr'>idem</span> <span class='ocrx_word' id='word_1_97' title='bbox 474 2621 534 2684; x_wconf 83' lang='lat' dir='ltr'>e&#39;st</span> <span class='ocrx_word' id='word_1_98' title='bbox 560 2628 621 2684; x_wconf 88' lang='lat' dir='ltr'>ae</span> <span class='ocrx_word' id='word_1_99' title='bbox 635 2602 835 2686; x_wconf 81' lang='lat' dir='ltr'>soliditas.</span> 
     </span>
    </p>

    <p class='ocr_par' dir='ltr' id='par_1_10' title="bbox 253 2689 1640 3300">
     <span class='ocr_line' id='line_1_17' title="bbox 253 2689 1635 2840; baseline 0.003 -40"><span class='ocrx_word' id='word_1_100' title='bbox 253 2739 372 2827; x_wconf 83' lang='lat'>72</span> <span class='ocrx_word' id='word_1_101' title='bbox 405 2689 499 2832; x_wconf 87' lang='grc'>598</span> <span class='ocrx_word' id='word_1_102' title='bbox 551 2720 751 2806; x_wconf 75' lang='lat' dir='ltr'>Theonn</span> <span class='ocrx_word' id='word_1_103' title='bbox 769 2721 828 2803; x_wconf 86' lang='lat' dir='ltr'>So</span> <span class='ocrx_word' id='word_1_104' title='bbox 828 2722 970 2804; x_wconf 76' lang='lat' dir='ltr'>ldntm</span> <span class='ocrx_word' id='word_1_105' title='bbox 977 2727 1195 2828; x_wconf 81' lang='lat' dir='ltr'>prismatls</span> <span class='ocrx_word' id='word_1_106' title='bbox 1208 2719 1423 2840; x_wconf 72' lang='lat' dir='ltr'>cuiuslibet</span> <span class='ocrx_word' id='word_1_107' title='bbox 1434 2718 1635 2807; x_wconf 83' lang='lat' dir='ltr'>ADBNF</span> 
     </span>
     <span class='ocr_line' id='line_1_18' title="bbox 330 2828 1631 2947; baseline 0.003 -28.034"><span class='ocrx_word' id='word_1_108' title='bbox 330 2853 406 2934; x_wconf 87' lang='lat' dir='ltr'>est</span> <span class='ocrx_word' id='word_1_109' title='bbox 439 2847 575 2946; x_wconf 82' lang='lat' dir='ltr'>aequol</span> <span class='ocrx_word' id='word_1_110' title='bbox 572 2849 609 2925; x_wconf 91' lang='lat' dir='ltr'>is</span> <span class='ocrx_word' id='word_1_111' title='bbox 641 2828 836 2947; x_wconf 70' lang='lat' dir='ltr'>proludio</span> <span class='ocrx_word' id='word_1_112' title='bbox 872 2847 1024 2925; x_wconf 89' lang='lat' dir='ltr'>numeri</span> <span class='ocrx_word' id='word_1_113' title='bbox 1064 2849 1297 2943; x_wconf 87' lang='lat' dir='ltr'>unitatum,</span> <span class='ocrx_word' id='word_1_114' title='bbox 1335 2840 1480 2944; x_wconf 83' lang='lat' dir='ltr'>quibus</span> <span class='ocrx_word' id='word_1_115' title='bbox 1518 2841 1631 2924; x_wconf 84' lang='lat' dir='ltr'>basis</span> 
     </span>
     <span class='ocr_line' id='line_1_19' title="bbox 276 2954 1631 3078; baseline 0.002 -39.144"><span class='ocrx_word' id='word_1_116' title='bbox 276 2954 449 3039; x_wconf 91' lang='lat' dir='ltr'>abdn</span> <span class='ocrx_word' id='word_1_117' title='bbox 472 2961 564 3043; x_wconf 82' lang='lat' dir='ltr'>cubi</span> <span class='ocrx_word' id='word_1_118' title='bbox 582 2976 663 3078; x_wconf 72' lang='lat' dir='ltr'>pto</span> <span class='ocrx_word' id='word_1_119' title='bbox 682 2966 840 3042; x_wconf 89' lang='lat' dir='ltr'>unitate</span> <span class='ocrx_word' id='word_1_120' title='bbox 862 2968 1018 3065; x_wconf 83' lang='lat' dir='ltr'>sumpti</span> <span class='ocrx_word' id='word_1_121' title='bbox 1031 2967 1257 3042; x_wconf 83' lang='lat' dir='ltr'>continetur</span> <span class='ocrx_word' id='word_1_122' title='bbox 1285 2965 1325 3040; x_wconf 92' lang='lat' dir='ltr'>in</span> <span class='ocrx_word' id='word_1_123' title='bbox 1355 2959 1445 3040; x_wconf 87' lang='lat' dir='ltr'>basi</span> <span class='ocrx_word' id='word_1_124' title='bbox 1465 2955 1631 3042; x_wconf 85' lang='lat' dir='ltr'>ADBN</span> 
     </span>
     <span class='ocr_line' id='line_1_20' title="bbox 333 3076 1633 3182; baseline 0.007 -28"><span class='ocrx_word' id='word_1_125' title='bbox 333 3083 579 3181; x_wconf 71' lang='lat' dir='ltr'>promatis,</span> <span class='ocrx_word' id='word_1_126' title='bbox 600 3093 697 3182; x_wconf 86' lang='lat' dir='ltr'>per</span> <span class='ocrx_word' id='word_1_127' title='bbox 709 3103 911 3160; x_wconf 88' lang='lat' dir='ltr'>numerum</span> <span class='ocrx_word' id='word_1_128' title='bbox 941 3086 1171 3181; x_wconf 84' lang='lat' dir='ltr'>unitatum,</span> <span class='ocrx_word' id='word_1_129' title='bbox 1202 3076 1347 3180; x_wconf 83' lang='lat' dir='ltr'>quibus</span> <span class='ocrx_word' id='word_1_130' title='bbox 1374 3077 1551 3158; x_wconf 83' lang='lat' dir='ltr'>altitudo</span> <span class='ocrx_word' id='word_1_131' title='bbox 1585 3102 1633 3163; x_wconf 87' lang='lat' dir='ltr'>ar</span> 
     </span>
     <span class='ocr_line' id='line_1_21' title="bbox 329 3191 1640 3308; baseline 0 -35"><span class='ocrx_word' id='word_1_132' title='bbox 329 3193 429 3308; x_wconf 68' lang='lat' dir='ltr'>dubi</span> <span class='ocrx_word' id='word_1_133' title='bbox 453 3203 711 3292; x_wconf 80' lang='lat' dir='ltr'>continetur</span> <span class='ocrx_word' id='word_1_134' title='bbox 695 3202 806 3278; x_wconf 83' lang='lat' dir='ltr'>nnl</span> <span class='ocrx_word' id='word_1_135' title='bbox 751 3196 978 3279; x_wconf 71' lang='lat' dir='ltr'>altitudine</span> <span class='ocrx_word' id='word_1_136' title='bbox 1003 3191 1097 3278; x_wconf 89' lang='lat' dir='ltr'>AR</span> <span class='ocrx_word' id='word_1_137' title='bbox 1100 3201 1331 3300; x_wconf 86' lang='lat' dir='ltr'>prismatis.</span> <span class='ocrx_word' id='word_1_138' title='bbox 1630 3191 1640 3206; x_wconf 78' lang='grc'><em>“</em></span> 
     </span>
    </p>

    <p class='ocr_par' dir='ltr' id='par_1_11' title="bbox 326 3298 1637 4256">
     <span class='ocr_line' id='line_1_22' title="bbox 397 3298 1629 3428; baseline 0.006 -37"><span class='ocrx_word' id='word_1_139' title='bbox 397 3305 528 3428; x_wconf 85' lang='lat' dir='ltr'>Super</span> <span class='ocrx_word' id='word_1_140' title='bbox 541 3298 669 3424; x_wconf 80' lang='lat' dir='ltr'>basim</span> <span class='ocrx_word' id='word_1_141' title='bbox 679 3312 766 3395; x_wconf 88' lang='lat' dir='ltr'>AB</span> <span class='ocrx_word' id='word_1_142' title='bbox 784 3314 982 3418; x_wconf 88' lang='lat' dir='ltr'>prismatis</span> <span class='ocrx_word' id='word_1_143' title='bbox 997 3310 1263 3397; x_wconf 90' lang='lat' dir='ltr'>continebitur</span> <span class='ocrx_word' id='word_1_144' title='bbox 1281 3306 1409 3394; x_wconf 91' lang='lat' dir='ltr'>cubus</span> <span class='ocrx_word' id='word_1_145' title='bbox 1425 3277 1636 3420; x_wconf 86' lang='lat' dir='ltr'>udbnftot</span> 
     </span>
     <span class='ocr_line' id='line_1_23' title="bbox 323 3417 1637 3541; baseline 0.002 -31.035"><span class='ocrx_word' id='word_1_146' title='bbox 323 3417 523 3537; x_wconf 86' lang='lat' dir='ltr'>vicibus,</span> <span class='ocrx_word' id='word_1_147' title='bbox 552 3417 652 3538; x_wconf 83' lang='lat' dir='ltr'>quot</span> <span class='ocrx_word' id='word_1_148' title='bbox 670 3432 712 3514; x_wconf 91' lang='lat' dir='ltr'>in</span> <span class='ocrx_word' id='word_1_149' title='bbox 729 3459 779 3515; x_wconf 90' lang='lat' dir='ltr'>ea</span> <span class='ocrx_word' id='word_1_150' title='bbox 796 3433 1047 3517; x_wconf 87' lang='lat' dir='ltr'>contineatur</span> <span class='ocrx_word' id='word_1_151' title='bbox 1067 3429 1173 3516; x_wconf 82' lang='lat' dir='ltr'>basis</span> <span class='ocrx_word' id='word_1_152' title='bbox 1190 3431 1243 3510; x_wconf 86' lang='lat' dir='ltr'>ab</span> <span class='ocrx_word' id='word_1_153' title='bbox 1264 3426 1471 3541; x_wconf 81' lang='lat' dir='ltr'>ejusdem3</span> <span class='ocrx_word' id='word_1_154' title='bbox 1489 3433 1637 3516; x_wconf 76' lang='lat' dir='ltr'>simili&#39;</span> 
     </span>
     <span class='ocr_line' id='line_1_24' title="bbox 323 3549 1627 3658; baseline -0.002 -29.983"><span class='ocrx_word' id='word_1_155' title='bbox 323 3564 397 3650; x_wconf 88' lang='lat' dir='ltr'>ter</span> <span class='ocrx_word' id='word_1_156' title='bbox 416 3567 475 3630; x_wconf 90' lang='lat' dir='ltr'>tot</span> <span class='ocrx_word' id='word_1_157' title='bbox 489 3550 670 3657; x_wconf 86' lang='lat' dir='ltr'>vicibus,</span> <span class='ocrx_word' id='word_1_158' title='bbox 685 3569 792 3658; x_wconf 90' lang='lat' dir='ltr'>quot</span> <span class='ocrx_word' id='word_1_159' title='bbox 804 3551 978 3650; x_wconf 87' lang='lat' dir='ltr'>altitudo</span> <span class='ocrx_word' id='word_1_160' title='bbox 992 3577 1043 3632; x_wconf 89' lang='lat' dir='ltr'>ar</span> <span class='ocrx_word' id='word_1_161' title='bbox 1059 3549 1220 3637; x_wconf 88' lang='lat' dir='ltr'>unitatis</span> <span class='ocrx_word' id='word_1_162' title='bbox 1234 3551 1485 3633; x_wconf 84' lang='lat' dir='ltr'>contineatur</span> <span class='ocrx_word' id='word_1_163' title='bbox 1503 3552 1545 3632; x_wconf 86' lang='lat' dir='ltr'>in</span> <span class='ocrx_word' id='word_1_164' title='bbox 1560 3549 1627 3626; x_wconf 88' lang='lat' dir='ltr'>al·</span> 
     </span>
     <span class='ocr_line' id='line_1_25' title="bbox 333 3641 1632 3796; baseline -0.002 -49"><span class='ocrx_word' id='word_1_165' title='bbox 333 3641 501 3750; x_wconf 86' lang='lat' dir='ltr'>titudine</span> <span class='ocrx_word' id='word_1_166' title='bbox 519 3668 606 3750; x_wconf 85' lang='lat' dir='ltr'>AR</span> <span class='ocrx_word' id='word_1_167' title='bbox 623 3670 846 3796; x_wconf 62' lang='lat' dir='ltr'>promatis,</span> <span class='ocrx_word' id='word_1_168' title='bbox 864 3687 924 3752; x_wconf 85' lang='lat' dir='ltr'>tot</span> <span class='ocrx_word' id='word_1_169' title='bbox 939 3667 1205 3752; x_wconf 69' lang='lat' dir='ltr'>continebitur</span> <span class='ocrx_word' id='word_1_170' title='bbox 1220 3670 1350 3752; x_wconf 90' lang='lat' dir='ltr'>unitas</span> <span class='ocrx_word' id='word_1_171' title='bbox 1369 3669 1410 3756; x_wconf 88' lang='lat' dir='ltr'>iu</span> <span class='ocrx_word' id='word_1_172' title='bbox 1435 3666 1632 3769; x_wconf 84' lang='lat' dir='ltr'>prismate</span> 
     </span>
     <span class='ocr_line' id='line_1_26' title="bbox 326 3769 1624 3899; baseline -0.003 -32"><span class='ocrx_word' id='word_1_173' title='bbox 326 3779 444 3894; x_wconf 84' lang='lat' dir='ltr'>juxta</span> <span class='ocrx_word' id='word_1_174' title='bbox 470 3786 575 3872; x_wconf 87' lang='lat' dir='ltr'>hane</span> <span class='ocrx_word' id='word_1_175' title='bbox 595 3769 904 3872; x_wconf 69' lang='lat' dir='ltr'>dimensionem}</span> <span class='ocrx_word' id='word_1_176' title='bbox 933 3815 1033 3899; x_wconf 86' lang='lat' dir='ltr'>ergo</span> <span class='ocrx_word' id='word_1_177' title='bbox 1052 3815 1086 3868; x_wconf 88' lang='lat' dir='ltr'>sr</span> <span class='ocrx_word' id='word_1_178' title='bbox 1075 3786 1379 3867; x_wconf 90' lang='lat' dir='ltr'>consideretur</span> <span class='ocrx_word' id='word_1_179' title='bbox 1390 3839 1406 3886; x_wconf 83' lang='grc'><strong><em>,</em></strong></span> <span class='ocrx_word' id='word_1_180' title='bbox 1425 3778 1533 3884; x_wconf 90' lang='lat' dir='ltr'>quod</span> <span class='ocrx_word' id='word_1_181' title='bbox 1551 3801 1624 3878; x_wconf 83' lang='lat' dir='ltr'>per</span> 
     </span>
     <span class='ocr_line' id='line_1_27' title="bbox 333 3893 1624 4010; baseline -0.008 -24"><span class='ocrx_word' id='word_1_182' title='bbox 333 3907 468 3989; x_wconf 90' lang='lat' dir='ltr'>omnia</span> <span class='ocrx_word' id='word_1_183' title='bbox 494 3904 641 4010; x_wconf 71' lang='lat' dir='ltr'>punita</span> <span class='ocrx_word' id='word_1_184' title='bbox 659 3905 903 3993; x_wconf 74' lang='lat' dir='ltr'>divisionum</span> <span class='ocrx_word' id='word_1_185' title='bbox 921 3904 1142 3986; x_wconf 84' lang='lat' dir='ltr'>altitudinis</span> <span class='ocrx_word' id='word_1_186' title='bbox 1164 3893 1251 3986; x_wconf 83' lang='lat' dir='ltr'>AR</span> <span class='ocrx_word' id='word_1_187' title='bbox 1278 3896 1479 4006; x_wconf 82' lang='lat' dir='ltr'>prIsmatis</span> <span class='ocrx_word' id='word_1_188' title='bbox 1497 3914 1624 3976; x_wconf 66' lang='lat' dir='ltr'>trane</span> 
     </span>
     <span class='ocr_line' id='line_1_28' title="bbox 332 4009 1622 4129; baseline -0.005 -27"><span class='ocrx_word' id='word_1_189' title='bbox 332 4042 400 4106; x_wconf 87' lang='lat' dir='ltr'>eat</span> <span class='ocrx_word' id='word_1_190' title='bbox 429 4016 594 4128; x_wconf 86' lang='lat' dir='ltr'>planum</span> <span class='ocrx_word' id='word_1_191' title='bbox 622 4022 864 4129; x_wconf 83' lang='lat' dir='ltr'>parallelum</span> <span class='ocrx_word' id='word_1_192' title='bbox 894 4020 950 4103; x_wconf 88' lang='lat' dir='ltr'>ad</span> <span class='ocrx_word' id='word_1_193' title='bbox 989 4045 1101 4110; x_wconf 84' lang='lat' dir='ltr'>suam</span> <span class='ocrx_word' id='word_1_194' title='bbox 1140 4017 1300 4123; x_wconf 86' lang='lat' dir='ltr'>basim,</span> <span class='ocrx_word' id='word_1_195' title='bbox 1338 4032 1400 4097; x_wconf 92' lang='lat' dir='ltr'>tot</span> <span class='ocrx_word' id='word_1_196' title='bbox 1426 4009 1622 4116; x_wconf 80' lang='lat' dir='ltr'>cuborum</span> 
     </span>
     <span class='ocr_line' id='line_1_29' title="bbox 331 4127 1631 4277; baseline -0.009 -55"><span class='ocrx_word' id='word_1_197' title='bbox 331 4137 554 4277; x_wconf 78' lang='lat' dir='ltr'>fragmenta</span> <span class='ocrx_word' id='word_1_198' title='bbox 583 4140 861 4248; x_wconf 86' lang='lat' dir='ltr'>resultabunt,</span> <span class='ocrx_word' id='word_1_199' title='bbox 890 4139 1062 4246; x_wconf 83' lang='lat' dir='ltr'>aequalia</span> <span class='ocrx_word' id='word_1_200' title='bbox 1086 4137 1255 4242; x_wconf 82' lang='lat' dir='ltr'>unitati,</span> <span class='ocrx_word' id='word_1_201' title='bbox 1275 4151 1374 4242; x_wconf 87' lang='lat' dir='ltr'>quot</span> <span class='ocrx_word' id='word_1_202' title='bbox 1397 4129 1544 4236; x_wconf 82' lang='lat' dir='ltr'>fuerint</span> <span class='ocrx_word' id='word_1_203' title='bbox 1562 4127 1631 4211; x_wconf 94' lang='lat' dir='ltr'>di</span> 
     </span>
    </p>
   </div>
   <div class='ocr_carea' id='block_1_9' title="bbox 332 4251 1631 4472">
    <p class='ocr_par' dir='ltr' id='par_1_12' title="bbox 332 4251 1631 4472">
     <span class='ocr_line' id='line_1_30' title="bbox 332 4251 1631 4446; baseline -0.011 -103"><span class='ocrx_word' id='word_1_204' title='bbox 332 4259 507 4390; x_wconf 84' lang='lat' dir='ltr'>visiones</span> <span class='ocrx_word' id='word_1_205' title='bbox 523 4260 746 4384; x_wconf 88' lang='lat' dir='ltr'>altitudinis</span> <span class='ocrx_word' id='word_1_206' title='bbox 766 4259 879 4366; x_wconf 81' lang='lat' dir='ltr'>AR,</span> <span class='ocrx_word' id='word_1_207' title='bbox 901 4259 976 4343; x_wconf 76' lang='grc' dir='ltr'>δι</span> <span class='ocrx_word' id='word_1_208' title='bbox 965 4285 1006 4340; x_wconf 93' lang='lat' dir='ltr'>m</span> <span class='ocrx_word' id='word_1_209' title='bbox 1032 4255 1199 4422; x_wconf 83' lang='lat' dir='ltr'>singulis</span> <span class='ocrx_word' id='word_1_210' title='bbox 1217 4251 1451 4396; x_wconf 78' lang='lat' dir='ltr'>fragmentis</span> <span class='ocrx_word' id='word_1_211' title='bbox 1469 4265 1530 4334; x_wconf 89' lang='lat' dir='ltr'>tot</span> <span class='ocrx_word' id='word_1_212' title='bbox 1524 4274 1631 4446; x_wconf 45' lang='lat' dir='ltr'>effi</span> 
     </span>
     <span class='ocr_line' id='line_1_31' title="bbox 1594 4383 1631 4472; baseline 0 0"><span class='ocrx_word' id='word_1_213' title='bbox 1594 4383 1631 4472; x_wconf 66' lang='grc' dir='ltr'><strong><em>Ιῖ</em></strong></span> 
     </span>
    </p>
   </div>
   <div class='ocr_carea' id='block_1_10' title="bbox 0 0 1904 5050">
    <p class='ocr_par' dir='ltr' id='par_1_13' title="bbox 0 0 1904 5050">
     <span class='ocr_line' id='line_1_32' title="bbox 0 0 1904 5050; baseline 0 2"><span class='ocrx_word' id='word_1_214' title='bbox 0 0 1904 5050; x_wconf 95' lang='lat' dir='ltr'> </span> 
     </span>
    </p>
   </div>
  </div>
 </body>
</html>
