3800 5050
395 442 468 539 24
761 416 901 518 Pars
918 412 965 515 1.
998 414 1254 548 Arelli.

354 584 490 669 limam
529 611 692 668 suarum
728 584 987 671 decimalium
1012 587 1094 702 (5.
1114 591 1238 701 42):
1277 589 1511 683 habebimus
1547 606 1646 707 155,

353 725 410 814 79
431 736 489 787 .·.··.
506 694 651 812 ὲξξ-ζ-ἷ,
667 703 777 810 814,
804 726 906 812 5:
926 710 977 817 55
998 768 1011 813 ,
1036 736 1086 791 ae
1123 710 1342 793 dividendo
1365 712 1484 820 ὲξ-ζξὲ
1504 745 1573 821 per
1593 724 1640 826 -3

354 821 372 932 (
392 819 433 935 5.
452 843 505 932 53
526 823 576 933 l,
606 823 788 929 quotiens
823 826 898 907 erit
925 854 984 907 =
999 846 1107 935 341-
1124 828 1197 941 5-ζὲ
1223 855 1238 935 5
1273 855 1362 936 quae
1395 834 1544 944 regulis
1581 838 1646 920 di-

354 941 519 1025 visionis
549 934 699 1045 optimb
723 962 959 1056 congruunt.

413 1081 471 1168 72
533 1056 717 1161 Probl5.
736 1058 972 1144 Fractiones
987 1063 1043 1144 ad
1057 1069 1260 1170 integros,
1273 1063 1317 1147 dd
1336 1066 1545 1167 decimales
1558 1086 1648 1175 spe.

352 1184 427 1261 cici
453 1174 661 1281 inferioris
686 1178 907 1286 reducere,
924 1182 1006 1263 hoc
1029 1198 1088 1263 est
1102 1240 1116 1287 ,
1129 1184 1376 1265 decimalium
1395 1188 1574 1266 valorem
1591 1195 1650 1281 in,

350 1320 501 1377 venire.
1474 1402 1480 1412 ἡ

441 1407 524 1514 Sol.
550 1410 851 1519 Multiplieetur
881 1412 1090 1501 decimalis
1117 1418 1213 1501 data
1240 1444 1313 1523 per
1339 1446 1543 1503 numerum
1570 1447 1646 1502 ex-

353 1528 588 1633 primentem
615 1551 712 1637 quot
737 1534 909 1616 unitates
939 1536 1089 1640 speciei
1118 1534 1316 1619 inferioris
1344 1564 1464 1620 unam
1493 1564 1644 1642 earum,

354 1645 408 1729 ad
430 1675 529 1753 quas
553 1650 734 1752 superior
756 1649 947 1756 pertinet,
965 1651 1220 1736 constituunt.
1246 1654 1492 1738 Productum
1518 1657 1644 1769 signi-

352 1762 490 1849 ficabit
517 1765 720 1880 integros,
743 1766 786 1849 81
814 1765 1031 1853 decimales
1056 1772 1207 1874 speciei
1232 1770 1449 1879 inferioris,
1468 1799 1539 1856 seu
1567 1796 1646 1857 va*

352 1881 481 1965 iorem
509 1883 717 1967 decimalis
744 1886 785 1964 in
810 1884 1026 1972 unitatibus
1050 1890 1200 1991 speciei
1224 1888 1433 1972 inferioris.

440 2000 652 2109 Reducere
672 1999 770 2081 volo
792 2023 1007 2111 0,,54117
1026 2030 1168 2085 aureos
1183 2004 1491 2116 adargenteos,
1510 2006 1553 2089 81
1577 2033 1642 2089 ar·

352 2118 485 2229 gentei
511 2116 757 2221 decimales,
774 2143 843 2199 seu
870 2118 1032 2201 illorum
1058 2120 1098 2198 in
1125 2119 1188 2201 his
1214 2121 1392 2201 valorem
1415 2124 1645 2221 comperire*

350 2252 503 2345 satago.
518 2234 721 2342 Quoniam
736 2255 786 2337 15
803 2260 886 2345 arg.
903 2262 1069 2320 aureum
1084 2255 1350 2339 componunt,
1362 2237 1586 2340 multiplico
1596 2262 1644 2342 0,

354 2368 500 2459 54117
521 2376 592 2455 per
604 2371 665 2455 ..15
689 2349 762 2464 (5·
778 2346 887 2459 67);
905 2352 1143 2458 productum
1165 2353 1641 2462 est=8,11755,hoe

352 2488 411 2550 est
437 2468 621 2584 81151-
636 2487 851 2580 ο,11755
878 2470 1020 2555 decim.
1049 2468 1108 2554 Ut
1130 2472 1272 2556 harum
1298 2471 1416 2555 valor
1443 2473 1640 2578 capiatur,

350 2585 665 2691 multiplicandae
688 2585 761 2692 pe'r
779 2606 835 2698 34
853 2607 996 2674 terunt.
1010 2650 1024 2696 ,
1039 2584 1194 2672 scilicet
1217 2592 1285 2696 qui
1307 2609 1458 2704 argent.
1477 2616 1641 2693 compo-

350 2727 469 2794 nunt:
486 2705 724 2812 productum
741 2705 934 2810 exprimet
956 2733 1096 2792 earum
1116 2707 1297 2792 valorem
1316 2709 1357 2790 in
1379 2710 1582 2810 teruntiis,
1598 2706 1644 2788 81

350 2823 614 2910 decimalibus
630 2825 801 2909 teruntii.
818 2821 916 2909 Cum
934 2848 1069 2908 autern
1088 2822 1305 2909 decimales
1321 2827 1398 2908 sint
1415 2851 1522 2908 verae
1536 2822 1643 2907 frac-

350 2942 505 3043 tiones,
520 2942 562 3023 81
585 2942 647 3022 hae
669 2941 982 3048 computentur(
998 2939 1141 3052 545)
1166 2942 1642 3036 κάυεεηάοηυηιεηῑο-

350 3079 436 3136 rem
449 3055 502 3134 ad
519 3057 674 3157 species
688 3054 916 3160 inferiores,
932 3059 975 3140 &
991 3078 1129 3159 postea
1142 3057 1361 3141 dividendo
1380 3083 1451 3158 per
1466 3055 1642 3135 denomi-

351 3189 529 3253 natorem
546 3230 559 3275 ,
580 3189 691 3274 patet
707 3169 816 3277 quod
833 3172 871 3254 in
888 3169 1151 3254 decimalibus
1167 3171 1348 3253 reductio
1364 3172 1418 3251 ad
1435 3169 1641 3251 inferiores

350 3288 506 3392 species
518 3285 814 3397 sufficiet3cum
826 3291 928 3370 enim
940 3287 1216 3370 denominatos
1225 3288 1276 3370 sit
1289 3314 1307 3368 1
1321 3287 1336 3394 (
1340 3284 1567 3399 5.61)111111
1581 3304 1640 3367 tot

314 3413 320 3424 '
351 3429 409 3489 00
425 3420 522 3512 quot
539 3425 642 3490 notae
655 3408 732 3490 sint
749 3407 789 3486 in
802 3404 1012 3511 decimali,
1025 3406 1129 3486 exiet
1143 3431 1299 3508 semper
1314 3407 1496 3510 quotiens
1512 3429 1639 3508 aequa·

305 3622 310 3632 ¹
350 3522 402 3608 lis
422 3519 661 3627 productos
684 3524 915 3606 reductione
932 3520 1177 3627 procedenti.
1194 3520 1314 3602 Unde
1333 3521 1387 3602 ad
1403 3519 1639 3602 transferen

318 3713 321 3726 .
349 3642 443 3725 dam
455 3634 874 3744 decimalemirspecie
887 3639 1065 3724 inferiori
1080 3638 1133 3721 ad
1147 3640 1411 3742 superiorem,
1419 3656 1481 3741 sat
1494 3638 1568 3717 erit
1579 3635 1639 3716 di·

350 3757 490 3840 ridere
508 3757 745 3854 decimalem
765 3757 901 3842 datam
918 3785 991 3862 per
1016 3754 1221 3838 numerum
1238 3757 1522 3856 exprimentem
1540 3768 1638 3854 quot

348 3876 521 3982 unitates
538 3876 688 3980 speciei
706 3879 922 3978 propositae
939 3890 1182 3976 componunt
1199 3871 1390 3953 unitatem
1406 3867 1557 3972 speciei
1575 3893 1639 3949 sus

348 3991 606 4098 periuris,ad
623 4018 743 4098 quam
756 3989 943 4075 facienda
956 4009 1017 4074 est
1032 3987 1226 4071 reductio.
1245 3983 1316 4069 Sic
1331 3986 1386 4069 ad
1401 4001 1637 4087 converten-
1657 4074 1663 4086 ,

342 4108 443 4194 dam
457 4109 693 4192 decimalem
706 4133 756 4212 0,
768 4107 853 4216 083
860 4135 883 4216 3
889 4135 913 4216 3
932 4107 1023 4213 ped.
1039 4106 1079 4186 in
1095 4104 1331 4186 decimalem
1346 4103 1550 4204 ulnarum,
1565 4127 1636 4208 po-

258 4228 262 4234 ’
346 4228 424 4311 sito
441 4228 550 4338 quod
569 4228 664 4342 idne
684 4223 810 4312 tribus
827 4224 998 4339 pedibus
1014 4240 1195 4330 constet,
1215 4221 1419 4308 dividatur
1447 4219 1464 4330 (
1483 4217 1526 4334 5.
1543 4216 1636 4329 7ο)

390 4393 403 4409 a
1590 4357 1635 4432 0,

1815 1337 1820 1510 l
