3800 5050
414 440 528 547 234
788 417 926 517 Pars
943 414 1174 519 VLArt.
1194 418 1272 520 II.

271 600 359 713 mg,
376 588 417 673 in
441 585 587 699 quibus
617 586 723 673 varii
751 591 867 673 unius
889 614 1026 673 curvae
1053 591 1154 672 rami
1181 610 1451 697 concurrunt,
1466 613 1665 702 vocantur

375 714 594 815 multiple,
620 733 672 793 ae
699 708 908 813 speciatim
932 709 1496 821 dupla,tr1p'la,&e.juxta
1524 739 1665 799 nume-

374 851 463 911 rum
493 851 693 915 ramorum
713 827 1045 909 concurrentium.

383 974 387 987 ·
433 964 518 1055 701
582 939 778 1027 Schola.
811 943 978 1026 Accidit
1004 968 1164 1050 quoque
1200 946 1309 1053 quod
1339 943 1555 1053 praebendo
1584 978 1664 1035 va-

374 1058 482 1146 lores
510 1088 569 1167 tt,
592 1061 786 1145 resultant
803 1057 931 1164 primo
947 1060 1108 1145 valores
1126 1063 1255 1147 reales
1275 1066 1316 1146 in
1334 1092 1389 1173 y,
1406 1068 1661 1170 postmodum

373 1178 545 1267 velores-
558 1176 854 1283 impossibiles,
875 1179 1098 1285 usquedum
1122 1206 1256 1265 rursus
1282 1183 1442 1267 valores
1465 1181 1594 1269 reales
1619 1185 1661 1266 in

370 1323 402 1407 y
421 1297 643 1400 resultant,
662 1295 772 1403 quod
788 1296 979 1379 indicium
996 1315 1056 1380 est
1072 1322 1242 1381 curvam
1257 1298 1406 1383 habere
1421 1304 1555 1385 uarias
1573 1326 1665 1406 par-³

374 1433 434 1499 tes
462 1412 765 1521 discontinuas3
797 1439 953 1517 semper
987 1434 1123 1497 autem
1153 1417 1295 1499 eadem
1319 1444 1448 1502 curva
1473 1413 1664 1523 mauebit,

370 1558 463 1617 cum
494 1533 558 1615 hae
587 1549 721 1637 partes
755 1531 1066 1615 determinentur
1096 1557 1168 1637 per
1198 1533 1367 1617 eandem
1401 1536 1597 1620 rationem
1622 1539 1665 1619 in

370 1650 626 1758 aequatione,
653 1666 724 1731 aut
748 1645 953 1731 functione
978 1667 1218 1733 contentam.
1238 1648 1309 1733 Sic
1379 1722 1383 1729 .

427 1788 517 1877 702
578 1765 728 1849 Definit
743 1760 784 1849 6.
815 1761 956 1849 Curva
971 1751 1155 1851 continua
1170 1767 1326 1852 dicitur
1350 1794 1427 1874 et,
1445 1766 1557 1881 cujus
1573 1794 1662 1852 om·-

370 1912 440 1969 nes
468 1905 629 1992 partes,
656 1908 727 1967 seu
753 1884 950 1968 eontinuae
970 1945 984 1992 ,
1007 1912 1078 1969 seu
1107 1886 1494 1993 discontinuaestnt,
1519 1885 1659 1970 deter-

370 2006 569 2088 minantur
599 2003 642 2084 vi
677 2003 791 2084 unius
829 2001 954 2086 solius
993 2000 1219 2086 fundionie
1261 2004 1415 2087 Verum
1445 2004 1516 2087 illa
1544 2002 1663 2116 eujus

370 2139 536 2227 partes,
569 2118 727 2200 tametsi
759 2120 860 2199 inter
883 2144 927 2201 se
954 2119 1102 2222 unitae,
1138 2118 1450 2203 determinantur
1483 2146 1555 2226 per
1584 2148 1666 2207 va-

370 2238 451 2325 rias
471 2234 726 2340 surdiores,
754 2255 825 2319 aut
858 2235 1032 2318 rationes
1053 2294 1066 2340 ,
1089 2253 1262 2321 vocatur
1293 2236 1558 2319 discentium.
1617 2312 1620 2319 .

428 2377 518 2467 703
549 2350 701 2439 —uefin
709 2375 752 2464 7.
770 2349 815 2437 Si
830 2347 1045 2459 prebendo
1062 2352 1221 2448 valeres
1235 2379 1267 2435 tt
1280 2351 1471 2439 resultant
1485 2352 1666 2460 inmduo

371 2473 534 2560 valores
560 2470 760 2582 aquales,
779 2498 880 2559 unus
896 2471 1116 2578 positivus,
1131 2472 1173 2556 dt
1187 2469 1290 2557 alter
1309 2472 1520 2586 negativus
1533 2490 1664 2578 ,tune

371 2595 460 2680 axis
488 2591 715 2676 dirediionis
732 2609 905 2676 vocatur
924 2596 1020 2672 attis
1039 2615 1211 2698 euruae,
1235 2591 1269 2673 si
1292 2590 1550 2698 applicataey
1570 2611 1664 2677 sunt

371 2710 687 2826 orthogonales3
705 2709 741 2794 si
770 2728 904 2794 autern
933 2707 1011 2790 sint
1038 2705 1336 2823 obliquangulae
1354 2767 1367 2814 ,
1386 2706 1542 2792 dicetur
1568 2727 1663 2794 tan-

370 2847 457 2916 tum
478 2831 675 2914 diameter
701 2849 857 2913 curete.
892 2824 1075 2930 Duplum
1093 2825 1312 2931 ordinate,
1331 2825 1503 2910 secantis
1526 2829 1571 2908 in
1586 2827 1663 2915 illa

371 2947 693 3062 hypothesim,
706 2948 778 3030 sui
795 2943 1035 3047 diametrtun
1050 2969 1186 3030 curvae
1204 2947 1244 3027 in
1258 2944 1361 3059 duas
1378 2960 1512 3052 partes
1522 2970 1663 3050 aqua-

370 3064 465 3172 les,
496 3083 668 3150 vocatur
695 3070 820 3169 attis,
850 3088 919 3148 seu
949 3063 1146 3147 diameter
1163 3063 1406 3172 conjugatus
1432 3067 1598 3168 curvae',
1618 3061 1664 3146 dt
1715 3108 1719 3116 ·

371 3183 562 3288 pontium
581 3178 868 3264 interseiiionis
899 3195 1083 3265 centrum
1114 3205 1269 3263 curuae.
1319 3251 1324 3260 .
1375 3251 1379 3258 .
1651 3215 1656 3226 ¹

369 3442 518 3502 eutvaes
538 3415 1049 3522 exiqumttitassseunstarisi
1255 3447 1279 3496 ‚s

369 3597 379 3613 t
442 3557 530 3648 705
570 3528 749 3631 rscuot
773 3533 993 3640 ‘Quoniam
1022 3532 1187 3651 tgradus
1214 3531 1479 3621 *landunum
1511 3535 1663 3619 disun-
1782 3590 1792 3611 χ

371 3672 546 3771 guumm
576 3677 650 3757 per
677 3649 869 3764 majorem
893 3653 1101 3736 numerum
1135 3653 1456 3760 dimensionum,
1489 3675 1589 3755 quas
1615 3647 1658 3725 in

371 3775 455 3860 suis
488 3771 666 3858 terminis
706 3768 861 3854 habent
895 3769 1113 3856 variabiles
1153 3768 1171 3880 (
1200 3769 1243 3884 5.
1265 3770 1352 3880 690
1381 3771 1437 3880 ),
1478 3759 1659 3848 stabilire

370 3892 591 3996 poterimus
610 3886 812 3972 iormulas
822 3888 1030 4002 generales
1046 3946 1060 3993 ,
1084 3887 1148 3972 ad*
1164 3887 1528 3994 questedrieantur
1544 3875 1658 3964 funes

369 4008 509 4094 tiones.
530 4002 970 4116 indumeraeteujusque·
987 4002 1253 4117 gradus..Sioi
1276 4009 1393 4084 erunt
1462 4033 1478 4084 '2
1504 4031 1548 4088 ,f
1566 4030 1652 4080 εει»,

367 4126 722 4234 e÷bx÷cy=s
735 4182 893 4208 .......
1023 4178 1265 4206 ...........
1272 4112 1707 4230 ·...·.·M2·-preni.²gn'·
1788 4227 1793 4238 Ι

366 4239 902 4368 Medeeerefsar-
910 4298 1251 4329 ···············
1250 4274 1256 4280 ·
1373 4233 1432 4324 Ν·
1450 4233 1701 4440 “ciffis

431 3318 523 3410 704
580 3295 735 3382 Coroll.
771 3296 884 3413 Ergo
910 3300 950 3380 in
982 3296 1063 3382 hoc
1092 3324 1190 3383 casu
1222 3298 1339 3405 axis,
1363 3323 1434 3384 seu
1467 3277 1661 3384 diameter
1695 3325 1700 3334 ·
