3800 5050
382 464 488 573 272
724 437 1011 571 Appendix.
1034 440 1217 545 Artml

234 614 322 722 th
341 614 462 695 nitam
477 609 647 692 divisam
660 626 892 716 peroposse
912 636 999 714 esse
1015 615 1385 716 aequaleminfinito
1400 637 1445 730 3⁶
1458 620 1632 710 Omnem

339 730 600 863 quantitatem
631 727 782 811 finitam
806 755 922 833 posse
948 731 1125 834 reputari
1164 751 1354 840 tanquam
1380 762 1402 818 o
1442 744 1631 849 respefiu

340 846 574 953 quantitatis
600 846 773 929 infinita.

398 985 486 1072 799
549 959 686 1046 Schol
711 992 747 1045 1.
780 960 897 1045 Cum
916 963 1054 1045 siteo²
1071 986 1276 1072 εσυ»,
1297 970 1601 1073 proculdubio
1588 1008 1628 1063 m

343 1123 385 1173 ω
405 1091 417 1122 ²
437 1079 701 1163 continebitur
717 1078 900 1163 infinities
921 1077 1144 1186 infinitum,
1165 1082 1244 1164 hoc
1260 1105 1348 1190 est,
1370 1116 1411 1165 00
1429 1115 1442 1147 ²
1457 1113 1515 1174 est
1540 1096 1631 1177 infi-

343 1200 467 1283 nitum
495 1196 678 1279 infinities
712 1216 938 1302 sumptum,
967 1223 1037 1279 seu
1058 1196 1250 1283 infinitum
1277 1206 1438 1287 secundi
1466 1212 1630 1297 ordinis.

234 1413 247 1420 ⁸
344 1316 412 1398 Ob
434 1312 612 1397 eandem
641 1315 833 1396 rationem
851 1341 892 1389 ω
910 1338 982 1383 s·-
942 1352 981 1388 a.
1003 1322 1074 1390 ω’
1092 1348 1164 1396 ,00
1179 1336 1237 1398 est
1257 1317 1447 1401 infinitum
1462 1329 1632 1409 secundi

346 1433 497 1515 ordinis
522 1429 706 1514 infinities
725 1449 955 1535 sumptum,
972 1458 1040 1515 seu
1064 1430 1256 1514 infinitum
1275 1438 1632 1547 tertiiordinisqac

345 1542 564 1664 generatim
584 1578 625 1626 ω
642 1561 733 1630 ”est
758 1548 950 1652 infinitum
971 1548 1121 1631 ordinis
1138 1574 1210 1655 mg
1234 1551 1320 1632 δι
1310 1573 1366 1648 tta
1393 1553 1633 1641 infinitorum

346 1667 506 1802 gradus
519 1644 811 1781 distinguuntur
837 1690 907 1767 pet
937 1690 1143 1749 numerum
1162 1667 1355 1752 unitatum
1376 1698 1534 1754 suorum
1559 1701 1632 1758 ex·
1706 1697 1744 1838 s

347 1784 588 1888 ponentium.
619 1784 728 1867 Hine
756 1781 890 1884 prodit
918 1783 1028 1886 quod
1053 1809 1145 1865 cnm
1173 1783 1367 1868 infinitum
1395 1788 1585 1869 ordinis
1573 1818 1634 1873 ιιι-
1693 1815 1706 1843 ι

347 1899 535 1984 ferioris
524 1928 564 1983 ιιι
582 1900 663 1985 alio
679 1896 834 1981 ordinis
853 1895 1080 1984 immediate
1094 1886 1307 2003 superioris
1328 1903 1510 1987 infinities
1532 1931 1633 1988 con-

347 2020 519 2101 t1neatur
538 2078 552 2121 ‚
581 2017 726 2122 poterit
751 2015 831 2096 hoc
860 2015 1104 2106 considerari
1127 2035 1319 2121 tanquam
1337 2019 1528 2104 infinitum
1547 2024 1635 2126 pri-

347 2138 403 2215 mi
425 2133 576 2215 ordinis
606 2131 786 2235 respedtu
807 2131 953 2239 illius(
982 2133 1068 2242 798
1101 2132 1143 2240 ),
1159 2131 1201 2212 δι
1215 2159 1331 2213 omne
1348 2134 1542 2219 infinitum
1567 2166 1632 2223 ot·

349 2252 453 2337 dinis
483 2245 680 2332 inferioris
694 2266 897 2385 'tanquam
927 2248 1081 2333 finitum
1102 2246 1285 2351 respersu
1310 2248 1452 2332 infiniti
1480 2254 1633 2339 ordini-

348 2370 409 2452 nis
428 2360 655 2450 immediate
674 2367 925 2471 superioris·

431 2505 528 2582 Boo
609 2504 735 2582 Schnl.
765 2522 809 2580 ι.
844 2500 946 2582 Cum
985 2503 1047 2580 sit
1059 2492 1236 2618 etiam:
1199 2547 1257 2560 -
1273 2494 1383 2618 εξ
1396 2498 1496 2608 .‡,
1530 2519 1637 2608 patet

351 2643 517 2768 quodffi·
462 2667 587 2733 est
596 2652 835 2732 tnfimtesrma
852 2675 935 2752 per
935 2653 1214 2730 infinitesimam
1230 2652 1495 2750 multiplicata,
1504 2659 1597 2734 vel
1582 2681 1638 2734 m·
1666 2715 1668 2717 »

344 2801 542 2904 finitesimn
558 2801 698 2882 secundi
715 2799 849 2878 ordinis
867 2825 878 2882 ι
905 2825 1068 2902 cumque
1083 2826 1131 2878 ex
1156 2802 1288 2880 ea'dem
1313 2804 1521 2899 aequatione
1543 2827 1634 2901 pro·

352 2952 441 3044 deat
465 2945 587 3057 ξ-,ξε
603 2946 662 3066 ξι
693 2985 731 3033 ee
757 3008 769 3043 ‚
797 2948 950 3068 evidens
984 2950 1150 3026 redditur
1185 2951 1287 3051 quod
1312 2935 1549 3037 infinitesima
1573 2968 1637 3024 se.-

354 3100 469 3177 cundi
494 3100 637 3176 ordinis
664 3069 1116 3176 contineturinfiniries
1105 3121 1142 3171 m
1169 3097 1409 3172 infinitesima
1431 3091 1543 3193 primi
1571 3115 1640 3169 or-

354 3241 481 3315 dinis.
499 3233 591 3318 ite'm
608 3237 770 3348 qundo:
735 3263 853 3332 -:
873 3281 928 3293 --
947 3263 1046 3316 ω·
1036 3292 1047 3328 ‚
1077 3259 1122 3312 ac
1150 3239 1306 3334 proinde
1323 3240 1425 3338 quod
1443 3243 1563 3318 omnis
1581 3243 1638 3318 in-

248 3424 254 3433 ·
358 3365 568 3452 finitesima
593 3316 759 3450 ordinis
784 3306 980 3447 inferioris
1008 3381 1138 3469 potest
1170 3365 1416 3450 considerati
1449 3388 1641 3479 tanquam
1681 3434 1684 3440 .

265 3576 268 3582 ,
357 3488 556 3594 quantitas
587 3482 721 3572 finita
735 3481 915 3586 respediu
945 3481 1209 3566 infinitesimae
1239 3484 1389 3567 ordinis
1413 3484 1639 3571 immediate

356 3603 609 3707 superioris,
617 3602 804 3706 haeeque
835 3619 1023 3708 tanquam
1048 3599 1294 3686 infinitesima
1332 3605 1449 3708 primi
1491 3590 1677 3684 or'dinis'

357 3719 539 3826 respebtu
564 3700 684 3801 illius.
712 3715 780 3800 Ob
796 3719 964 3800 eandem
985 3721 1178 3801 rationem
1200 3723 1400 3826 quantitas
1413 3719 1523 3800 finita
1539 3743 1640 3820 quae·

357 3835 456 3928 libet
487 3834 731 3922 considerari
762 3837 874 3918 ualet
893 3856 1083 3942 tanquam
1103 3835 1253 3917 infinita
1272 3835 1452 3937 respeau
1474 3829 1643 3913 infinite-

355 3953 481 4040 simae
493 3955 611 4061 primi
640 3951 813 4053 ordinis,
846 3979 934 4058 quae
968 3946 1115 4034 infiniti:
1138 3951 1299 4063 major
1290 3971 1349 4032 est
1366 3948 1436 4028 illa
1457 3943 1474 4054 (
1495 3948 1585 4056 798
1610 3948 1640 4057 )

411 4092 530 4166 801
611 4077 1644 4192 CorollQuonramr-t--t-t-1o‚&—=

367 4265 443 4329 ne,
469 4229 733 4347 enez-1:
749 4225 1023 4354 {51:00
1049 4227 1650 4345 3sed527zx÷x÷u'
1733 4341 1739 4345 ·

339 4383 340 4388 ‘
1594 4381 1634 4448 ι
