<?xml version="1.0" encoding="UTF-8"?>
<!DOCTYPE html PUBLIC "-//W3C//DTD XHTML 1.0 Transitional//EN"
    "http://www.w3.org/TR/xhtml1/DTD/xhtml1-transitional.dtd">
<html xmlns="http://www.w3.org/1999/xhtml" xml:lang="en" lang="en">
 <head>
  <title>
</title>
<meta http-equiv="Content-Type" content="text/html;charset=utf-8" />
  <meta name='ocr-system' content='tesseract 3.04.00' />
  <meta name='ocr-capabilities' content='ocr_page ocr_carea ocr_par ocr_line ocrx_word'/>
</head>
<body>
  <div class='ocr_page' id='page_1' title='image "./tractatuspraeli00villgoog_0011.png"; bbox 0 0 3800 5050; ppageno 0'>
   <div class='ocr_carea' id='block_1_1' title="bbox 370 404 1192 533">
    <p class='ocr_par' dir='ltr' id='par_1_1' title="bbox 370 404 1192 533">
     <span class='ocr_line' id='line_1_1' title="bbox 370 404 1192 533; baseline 0.002 -4"><span class='ocrx_word' id='word_1_1' title='bbox 370 428 410 529; x_wconf 78' lang='lat' dir='ltr'><strong>s</strong></span> <span class='ocrx_word' id='word_1_2' title='bbox 672 404 1192 533; x_wconf 26' lang='lat' dir='ltr'><strong>*mmmm</strong></span> 
     </span>
    </p>
   </div>
   <div class='ocr_carea' id='block_1_2' title="bbox 335 586 1624 705">
    <p class='ocr_par' dir='ltr' id='par_1_2' title="bbox 335 586 1624 705">
     <span class='ocr_line' id='line_1_2' title="bbox 335 586 1624 705; baseline 0.012 -24"><span class='ocrx_word' id='word_1_3' title='bbox 335 595 513 705; x_wconf 86' lang='lat' dir='ltr'><strong>lineola,</strong></span> <span class='ocrx_word' id='word_1_4' title='bbox 535 586 637 684; x_wconf 85' lang='lat' dir='ltr'><strong>infra</strong></span> <span class='ocrx_word' id='word_1_5' title='bbox 667 626 757 684; x_wconf 89' lang='lat' dir='ltr'><strong>eam</strong></span> <span class='ocrx_word' id='word_1_6' title='bbox 786 597 1013 687; x_wconf 73' lang='lat' dir='ltr'><strong>successive</strong></span> <span class='ocrx_word' id='word_1_7' title='bbox 1043 602 1266 688; x_wconf 86' lang='lat' dir='ltr'>scribantur</span> <span class='ocrx_word' id='word_1_8' title='bbox 1298 609 1402 690; x_wconf 87' lang='lat' dir='ltr'><strong>varii</strong></span> <span class='ocrx_word' id='word_1_9' title='bbox 1434 636 1624 696; x_wconf 83' lang='lat' dir='ltr'><strong>excessus</strong></span> 
     </span>
    </p>
   </div>
   <div class='ocr_carea' id='block_1_3' title="bbox 335 717 1667 833">
    <p class='ocr_par' dir='ltr' id='par_1_3' title="bbox 335 717 1667 833">
     <span class='ocr_line' id='line_1_3' title="bbox 335 717 1667 833; baseline 0.011 -34"><span class='ocrx_word' id='word_1_10' title='bbox 335 717 532 800; x_wconf 83' lang='lat' dir='ltr'><strong>unitatum</strong></span> <span class='ocrx_word' id='word_1_11' title='bbox 550 717 711 829; x_wconf 84' lang='lat' dir='ltr'><strong>majoris</strong></span> <span class='ocrx_word' id='word_1_12' title='bbox 741 746 861 825; x_wconf 90' lang='lat' dir='ltr'><strong>supra</strong></span> <span class='ocrx_word' id='word_1_13' title='bbox 885 722 1055 803; x_wconf 87' lang='lat' dir='ltr'><strong>unitates</strong></span> <span class='ocrx_word' id='word_1_14' title='bbox 1078 722 1262 825; x_wconf 88' lang='lat' dir='ltr'><strong>minoris,</strong></span> <span class='ocrx_word' id='word_1_15' title='bbox 1279 722 1476 807; x_wconf 89' lang='lat' dir='ltr'><strong>decadum</strong></span> <span class='ocrx_word' id='word_1_16' title='bbox 1497 755 1622 833; x_wconf 87' lang='lat' dir='ltr'><strong>supra</strong></span> <span class='ocrx_word' id='word_1_17' title='bbox 1664 787 1667 793; x_wconf 90' lang='lat'><em>-</em></span> 
     </span>
    </p>
   </div>
   <div class='ocr_carea' id='block_1_4' title="bbox 333 834 1624 3514">
    <p class='ocr_par' dir='ltr' id='par_1_4' title="bbox 333 834 1624 2340">
     <span class='ocr_line' id='line_1_4' title="bbox 334 834 1619 943; baseline 0.011 -28"><span class='ocrx_word' id='word_1_18' title='bbox 334 834 534 942; x_wconf 80' lang='lat' dir='ltr'>decades,</span> <span class='ocrx_word' id='word_1_19' title='bbox 550 838 815 919; x_wconf 87' lang='lat' dir='ltr'><strong>centuriarum</strong></span> <span class='ocrx_word' id='word_1_20' title='bbox 830 897 840 918; x_wconf 91' lang='lat'><strong>.</strong></span> <span class='ocrx_word' id='word_1_21' title='bbox 857 897 867 918; x_wconf 90' lang='lat'><strong>.</strong></span> <span class='ocrx_word' id='word_1_22' title='bbox 882 896 922 939; x_wconf 86' lang='lat'><strong>.,</strong></span> <span class='ocrx_word' id='word_1_23' title='bbox 943 838 977 918; x_wconf 91' lang='lat' dir='ltr'><strong>si</strong></span> <span class='ocrx_word' id='word_1_24' title='bbox 1002 838 1112 920; x_wconf 90' lang='lat' dir='ltr'><strong>nulla</strong></span> <span class='ocrx_word' id='word_1_25' title='bbox 1134 859 1229 921; x_wconf 89' lang='lat' dir='ltr'><strong>uota</strong></span> <span class='ocrx_word' id='word_1_26' title='bbox 1249 843 1462 943; x_wconf 87' lang='lat' dir='ltr'><strong>superioris</strong></span> <span class='ocrx_word' id='word_1_27' title='bbox 1491 849 1619 928; x_wconf 88' lang='lat' dir='ltr'><strong>minor</strong></span> 
     </span>
     <span class='ocr_line' id='line_1_5' title="bbox 334 952 1622 1063; baseline 0.008 -30"><span class='ocrx_word' id='word_1_28' title='bbox 334 953 385 1033; x_wconf 84' lang='lat' dir='ltr'><strong>sit</strong></span> <span class='ocrx_word' id='word_1_29' title='bbox 406 972 498 1036; x_wconf 87' lang='lat' dir='ltr'><strong>nota</strong></span> <span class='ocrx_word' id='word_1_30' title='bbox 525 954 858 1057; x_wconf 85' lang='lat' dir='ltr'><strong>correspondente</strong></span> <span class='ocrx_word' id='word_1_31' title='bbox 878 952 1086 1039; x_wconf 89' lang='lat' dir='ltr'><strong>inferioris.</strong></span> <span class='ocrx_word' id='word_1_32' title='bbox 1106 956 1258 1038; x_wconf 89' lang='lat' dir='ltr'><strong>Verum</strong></span> <span class='ocrx_word' id='word_1_33' title='bbox 1282 960 1316 1038; x_wconf 91' lang='lat' dir='ltr'><strong>si</strong></span> <span class='ocrx_word' id='word_1_34' title='bbox 1334 986 1422 1063; x_wconf 83' lang='lat' dir='ltr'><strong>quae</strong></span> <span class='ocrx_word' id='word_1_35' title='bbox 1444 977 1537 1042; x_wconf 87' lang='lat' dir='ltr'><strong>nota</strong></span> <span class='ocrx_word' id='word_1_36' title='bbox 1556 988 1622 1044; x_wconf 84' lang='lat' dir='ltr'><strong>su·</strong></span> 
     </span>
     <span class='ocr_line' id='line_1_6' title="bbox 335 1070 1622 1179; baseline 0.005 -28"><span class='ocrx_word' id='word_1_37' title='bbox 335 1070 502 1173; x_wconf 89' lang='lat' dir='ltr'><strong>periuris</strong></span> <span class='ocrx_word' id='word_1_38' title='bbox 529 1074 654 1152; x_wconf 86' lang='lat' dir='ltr'><strong>minor</strong></span> <span class='ocrx_word' id='word_1_39' title='bbox 684 1072 733 1151; x_wconf 90' lang='lat' dir='ltr'><strong>sit</strong></span> <span class='ocrx_word' id='word_1_40' title='bbox 767 1092 860 1153; x_wconf 90' lang='lat' dir='ltr'><strong>nota</strong></span> <span class='ocrx_word' id='word_1_41' title='bbox 887 1072 1223 1175; x_wconf 86' lang='lat' dir='ltr'><strong>correspondente</strong></span> <span class='ocrx_word' id='word_1_42' title='bbox 1250 1072 1476 1179; x_wconf 84' lang='lat' dir='ltr'><strong>inferioris,</strong></span> <span class='ocrx_word' id='word_1_43' title='bbox 1495 1075 1622 1159; x_wconf 86' lang='lat' dir='ltr'><strong>adda·</strong></span> 
     </span>
     <span class='ocr_line' id='line_1_7' title="bbox 334 1188 1621 1293; baseline 0.002 -24"><span class='ocrx_word' id='word_1_44' title='bbox 334 1194 401 1270; x_wconf 82' lang='lat' dir='ltr'><strong>t&#39;ur</strong></span> <span class='ocrx_word' id='word_1_45' title='bbox 428 1214 611 1275; x_wconf 86' lang='lat' dir='ltr'><strong>numerus</strong></span> <span class='ocrx_word' id='word_1_46' title='bbox 643 1210 695 1269; x_wconf 89' lang='grc' dir='ltr'><strong>ιο</strong></span> <span class='ocrx_word' id='word_1_47' title='bbox 721 1208 823 1271; x_wconf 85' lang='lat' dir='ltr'><strong>notae</strong></span> <span class='ocrx_word' id='word_1_48' title='bbox 852 1190 1076 1293; x_wconf 87' lang='lat' dir='ltr'><strong>superiori,</strong></span> <span class='ocrx_word' id='word_1_49' title='bbox 1096 1188 1139 1271; x_wconf 76' lang='lat' dir='ltr'><strong>dt</strong></span> <span class='ocrx_word' id='word_1_50' title='bbox 1167 1189 1400 1271; x_wconf 86' lang='lat' dir='ltr'><strong>detrahatur</strong></span> <span class='ocrx_word' id='word_1_51' title='bbox 1429 1217 1507 1274; x_wconf 90' lang='lat' dir='ltr'><strong>una</strong></span> <span class='ocrx_word' id='word_1_52' title='bbox 1528 1193 1621 1272; x_wconf 83' lang='lat' dir='ltr'><strong>uni-</strong></span> 
     </span>
     <span class='ocr_line' id='line_1_8' title="bbox 335 1305 1621 1418; baseline 0.002 -31"><span class='ocrx_word' id='word_1_53' title='bbox 335 1322 397 1387; x_wconf 87' lang='lat' dir='ltr'><strong>tas</strong></span> <span class='ocrx_word' id='word_1_54' title='bbox 425 1324 528 1418; x_wconf 69' lang='grc' dir='ltr'><strong>ιιοιιιιι</strong></span> <span class='ocrx_word' id='word_1_55' title='bbox 546 1306 696 1386; x_wconf 87' lang='lat' dir='ltr'><strong>numeri</strong></span> <span class='ocrx_word' id='word_1_56' title='bbox 718 1306 932 1409; x_wconf 90' lang='lat' dir='ltr'><strong>superioris</strong></span> <span class='ocrx_word' id='word_1_57' title='bbox 959 1306 1013 1387; x_wconf 91' lang='lat' dir='ltr'><strong>ad</strong></span> <span class='ocrx_word' id='word_1_58' title='bbox 1038 1305 1182 1387; x_wconf 87' lang='lat' dir='ltr'><strong>laevam</strong></span> <span class='ocrx_word' id='word_1_59' title='bbox 1208 1307 1409 1408; x_wconf 73' lang='lat' dir='ltr'><strong>proximat.</strong></span> <span class='ocrx_word' id='word_1_60' title='bbox 1436 1308 1621 1411; x_wconf 79' lang='lat' dir='ltr'><strong>Denique</strong></span> 
     </span>
     <span class='ocr_line' id='line_1_9' title="bbox 335 1420 1621 1531; baseline 0.003 -29"><span class='ocrx_word' id='word_1_61' title='bbox 335 1422 508 1506; x_wconf 80' lang='lat' dir='ltr'><strong>si&#39;nota·</strong></span> <span class='ocrx_word' id='word_1_62' title='bbox 526 1422 600 1503; x_wconf 86' lang='lat' dir='ltr'><strong>ista</strong></span> <span class='ocrx_word' id='word_1_63' title='bbox 631 1423 684 1503; x_wconf 89' lang='lat' dir='ltr'><strong>ad</strong></span> <span class='ocrx_word' id='word_1_64' title='bbox 717 1422 860 1504; x_wconf 74' lang='lat' dir='ltr'><strong>lavam</strong></span> <span class='ocrx_word' id='word_1_65' title='bbox 891 1421 1071 1524; x_wconf 88' lang='lat' dir='ltr'><strong>proxima</strong></span> <span class='ocrx_word' id='word_1_66' title='bbox 1102 1422 1152 1503; x_wconf 88' lang='lat' dir='ltr'><strong>sit</strong></span> <span class='ocrx_word' id='word_1_67' title='bbox 1183 1420 1411 1527; x_wconf 81' lang='lat' dir='ltr'><strong>expletiva,</strong></span> <span class='ocrx_word' id='word_1_68' title='bbox 1431 1424 1621 1531; x_wconf 86' lang='lat' dir='ltr'><strong>addatur,</strong></span> 
     </span>
     <span class='ocr_line' id='line_1_10' title="bbox 335 1536 1619 1644; baseline 0.005 -25"><span class='ocrx_word' id='word_1_69' title='bbox 335 1556 389 1619; x_wconf 81' lang='lat' dir='ltr'><strong>ut</strong></span> <span class='ocrx_word' id='word_1_70' title='bbox 405 1560 520 1621; x_wconf 85' lang='lat' dir='ltr'><strong>antea</strong></span> <span class='ocrx_word' id='word_1_71' title='bbox 534 1559 549 1643; x_wconf 81' lang='lat'><strong>,&#39;</strong></span> <span class='ocrx_word' id='word_1_72' title='bbox 564 1554 748 1633; x_wconf 84' lang='lat' dir='ltr'><strong>numerus</strong></span> <span class='ocrx_word' id='word_1_73' title='bbox 781 1562 832 1618; x_wconf 92' lang='lat'><strong>10</strong></span> <span class='ocrx_word' id='word_1_74' title='bbox 860 1556 963 1617; x_wconf 84' lang='lat' dir='ltr'><strong>uotae</strong></span> <span class='ocrx_word' id='word_1_75' title='bbox 982 1538 1231 1644; x_wconf 81' lang='lat' dir='ltr'><strong>circa&#39;quanr</strong></span> <span class='ocrx_word' id='word_1_76' title='bbox 1249 1537 1294 1620; x_wconf 84' lang='lat' dir='ltr'><strong>fit</strong></span> <span class='ocrx_word' id='word_1_77' title='bbox 1314 1542 1524 1643; x_wconf 90' lang='lat' dir='ltr'><strong>operatio:</strong></span> <span class='ocrx_word' id='word_1_78' title='bbox 1545 1536 1619 1624; x_wconf 64' lang='grc' dir='ltr'><strong>ὐεέ</strong></span> 
     </span>
     <span class='ocr_line' id='line_1_11' title="bbox 335 1654 1617 1795; baseline 0.004 -60"><span class='ocrx_word' id='word_1_79' title='bbox 335 1654 516 1737; x_wconf 75' lang='lat' dir='ltr'><strong>trahatur</strong></span> <span class='ocrx_word' id='word_1_80' title='bbox 536 1683 613 1738; x_wconf 81' lang='lat' dir='ltr'><strong>una</strong></span> <span class='ocrx_word' id='word_1_81' title='bbox 628 1656 757 1737; x_wconf 86' lang='lat' dir='ltr'><strong>unitas</strong></span> <span class='ocrx_word' id='word_1_82' title='bbox 783 1654 883 1733; x_wconf 82' lang='lat' dir='ltr'><strong>noiae</strong></span> <span class='ocrx_word' id='word_1_83' title='bbox 907 1654 1088 1757; x_wconf 75' lang='lat' dir='ltr'><strong>positivae</strong></span> <span class='ocrx_word' id='word_1_84' title='bbox 1103 1655 1156 1738; x_wconf 91' lang='lat' dir='ltr'><strong>ad</strong></span> <span class='ocrx_word' id='word_1_85' title='bbox 1183 1655 1387 1739; x_wconf 83' lang='lat' dir='ltr'><strong>dextetam</strong></span> <span class='ocrx_word' id='word_1_86' title='bbox 1408 1660 1617 1795; x_wconf 69' lang='lat' dir='ltr'><strong>proxima,</strong></span> 
     </span>
     <span class='ocr_line' id='line_1_12' title="bbox 335 1767 1620 1910; baseline 0.002 -55"><span class='ocrx_word' id='word_1_87' title='bbox 335 1770 506 1859; x_wconf 82' lang='lat' dir='ltr'><strong>addatur</strong></span> <span class='ocrx_word' id='word_1_88' title='bbox 537 1794 776 1877; x_wconf 75' lang='lat' dir='ltr'><strong>numeroso</strong></span> <span class='ocrx_word' id='word_1_89' title='bbox 807 1767 971 1853; x_wconf 91' lang='lat' dir='ltr'><strong>cuilibet</strong></span> <span class='ocrx_word' id='word_1_90' title='bbox 1002 1790 1104 1853; x_wconf 81' lang='lat' dir='ltr'><strong>notae</strong></span> <span class='ocrx_word' id='word_1_91' title='bbox 1133 1772 1345 1875; x_wconf 73' lang='lat' dir='ltr'><strong>expletiva</strong></span> <span class='ocrx_word' id='word_1_92' title='bbox 1380 1774 1519 1910; x_wconf 78' lang='lat' dir='ltr'><strong>positae</strong></span> <span class='ocrx_word' id='word_1_93' title='bbox 1553 1776 1620 1857; x_wconf 89' lang='lat' dir='ltr'><strong>in·</strong></span> 
     </span>
     <span class='ocr_line' id='line_1_13' title="bbox 336 1884 1620 2000; baseline 0.004 -31"><span class='ocrx_word' id='word_1_94' title='bbox 336 1905 396 1969; x_wconf 91' lang='lat' dir='ltr'><strong>ter</strong></span> <span class='ocrx_word' id='word_1_95' title='bbox 420 1888 560 1971; x_wconf 89' lang='lat' dir='ltr'><strong>cifram</strong></span> <span class='ocrx_word' id='word_1_96' title='bbox 585 1916 672 1994; x_wconf 85' lang='lat' dir='ltr'><strong>quae</strong></span> <span class='ocrx_word' id='word_1_97' title='bbox 698 1906 816 1970; x_wconf 87' lang='lat' dir='ltr'><strong>aucta</strong></span> <span class='ocrx_word' id='word_1_98' title='bbox 841 1884 945 1992; x_wconf 88' lang='lat' dir='ltr'><strong>fuit,</strong></span> <span class='ocrx_word' id='word_1_99' title='bbox 971 1888 1013 1971; x_wconf 79' lang='lat' dir='ltr'><strong>dt</strong></span> <span class='ocrx_word' id='word_1_100' title='bbox 1042 1906 1175 1971; x_wconf 88' lang='lat' dir='ltr'><strong>notam</strong></span> <span class='ocrx_word' id='word_1_101' title='bbox 1208 1917 1295 1994; x_wconf 84' lang='lat' dir='ltr'><strong>quae</strong></span> <span class='ocrx_word' id='word_1_102' title='bbox 1324 1889 1411 1971; x_wconf 85' lang='lat' dir='ltr'><strong>fit</strong></span> <span class='ocrx_word' id='word_1_103' title='bbox 1399 1893 1620 2000; x_wconf 78' lang='lat' dir='ltr'><strong>imminuta3</strong></span> 
     </span>
     <span class='ocr_line' id='line_1_14' title="bbox 333 1991 1619 2119; baseline -0.006 -24"><span class='ocrx_word' id='word_1_104' title='bbox 333 2005 391 2095; x_wconf 71' lang='grc' dir='ltr'><strong>δί</strong></span> <span class='ocrx_word' id='word_1_105' title='bbox 403 1991 486 2089; x_wconf 79' lang='lat' dir='ltr'><strong>fiat-</strong></span> <span class='ocrx_word' id='word_1_106' title='bbox 479 2007 653 2119; x_wconf 85' lang='lat' dir='ltr'><strong>reliqua</strong></span> <span class='ocrx_word' id='word_1_107' title='bbox 679 2006 858 2107; x_wconf 87' lang='lat' dir='ltr'><strong>operatio</strong></span> <span class='ocrx_word' id='word_1_108' title='bbox 890 2024 933 2086; x_wconf 93' lang='lat' dir='ltr'><strong>ut</strong></span> <span class='ocrx_word' id='word_1_109' title='bbox 960 2002 1007 2083; x_wconf 90' lang='lat' dir='ltr'><strong>in</strong></span> <span class='ocrx_word' id='word_1_110' title='bbox 1029 2000 1289 2106; x_wconf 77' lang='lat' dir='ltr'><strong>primocasu.</strong></span> <span class='ocrx_word' id='word_1_111' title='bbox 1320 2003 1526 2086; x_wconf 85' lang='lat' dir='ltr'><strong>Numerus</strong></span> <span class='ocrx_word' id='word_1_112' title='bbox 1557 2035 1619 2088; x_wconf 92' lang='lat' dir='ltr'><strong>re</strong></span> 
     </span>
     <span class='ocr_line' id='line_1_15' title="bbox 336 2117 1624 2228; baseline 0.005 -27"><span class='ocrx_word' id='word_1_113' title='bbox 336 2140 514 2226; x_wconf 84' lang='lat' dir='ltr'><strong>pertus,</strong></span> <span class='ocrx_word' id='word_1_114' title='bbox 525 2124 617 2228; x_wconf 87' lang='lat' dir='ltr'><strong>qui</strong></span> <span class='ocrx_word' id='word_1_115' title='bbox 615 2122 682 2201; x_wconf 89' lang='lat' dir='ltr'><strong>sic</strong></span> <span class='ocrx_word' id='word_1_116' title='bbox 713 2118 898 2201; x_wconf 88' lang='lat' dir='ltr'><strong>scribitur</strong></span> <span class='ocrx_word' id='word_1_117' title='bbox 926 2118 1029 2204; x_wconf 84' lang='lat' dir='ltr'><strong>infra</strong></span> <span class='ocrx_word' id='word_1_118' title='bbox 1058 2117 1278 2223; x_wconf 79' lang='lat' dir='ltr'><strong>lineolam,</strong></span> <span class='ocrx_word' id='word_1_119' title='bbox 1292 2120 1368 2200; x_wconf 88' lang='lat' dir='ltr'><strong>erit</strong></span> <span class='ocrx_word' id='word_1_120' title='bbox 1398 2118 1624 2208; x_wconf 79' lang='lat' dir='ltr'><strong>differentia</strong></span> 
     </span>
     <span class='ocr_line' id='line_1_16' title="bbox 337 2239 919 2340; baseline -0.004 -21"><span class='ocrx_word' id='word_1_121' title='bbox 337 2254 586 2321; x_wconf 85' lang='lat' dir='ltr'><strong>numerorum</strong></span> <span class='ocrx_word' id='word_1_122' title='bbox 613 2239 919 2340; x_wconf 87' lang='lat' dir='ltr'><strong>propositorum.</strong></span> 
     </span>
    </p>

    <p class='ocr_par' dir='ltr' id='par_1_5' title="bbox 334 2344 1621 3168">
     <span class='ocr_line' id='line_1_17' title="bbox 424 2344 1620 2438; baseline 0.001 -2"><span class='ocrx_word' id='word_1_123' title='bbox 424 2353 469 2436; x_wconf 91' lang='lat' dir='ltr'>N</span> <span class='ocrx_word' id='word_1_124' title='bbox 471 2383 535 2438; x_wconf 87' lang='lat' dir='ltr'><strong>am</strong></span> <span class='ocrx_word' id='word_1_125' title='bbox 552 2381 735 2437; x_wconf 87' lang='lat' dir='ltr'><strong>numerus</strong></span> <span class='ocrx_word' id='word_1_126' title='bbox 757 2353 825 2434; x_wconf 90' lang='lat' dir='ltr'><strong>ille</strong></span> <span class='ocrx_word' id='word_1_127' title='bbox 848 2348 1065 2435; x_wconf 88' lang='lat' dir='ltr'><strong>continebit</strong></span> <span class='ocrx_word' id='word_1_128' title='bbox 1085 2344 1290 2433; x_wconf 73' lang='lat' dir='ltr'><strong>evidenter</strong></span> <span class='ocrx_word' id='word_1_129' title='bbox 1316 2376 1503 2437; x_wconf 85' lang='lat' dir='ltr'><strong>excessus</strong></span> <span class='ocrx_word' id='word_1_130' title='bbox 1525 2356 1620 2438; x_wconf 86' lang='lat' dir='ltr'><strong>uni-</strong></span> 
     </span>
     <span class='ocr_line' id='line_1_18' title="bbox 334 2467 1618 2577; baseline 0 -21"><span class='ocrx_word' id='word_1_131' title='bbox 334 2489 461 2556; x_wconf 87' lang='lat' dir='ltr'><strong>tatum</strong></span> <span class='ocrx_word' id='word_1_132' title='bbox 492 2474 643 2558; x_wconf 87' lang='lat' dir='ltr'><strong>numeri</strong></span> <span class='ocrx_word' id='word_1_133' title='bbox 675 2472 890 2577; x_wconf 86' lang='lat' dir='ltr'><strong>superioris</strong></span> <span class='ocrx_word' id='word_1_134' title='bbox 924 2494 1044 2573; x_wconf 87' lang='lat' dir='ltr'><strong>supra</strong></span> <span class='ocrx_word' id='word_1_135' title='bbox 1076 2470 1245 2553; x_wconf 91' lang='lat' dir='ltr'><strong>unitates</strong></span> <span class='ocrx_word' id='word_1_136' title='bbox 1279 2467 1512 2577; x_wconf 81' lang='lat' dir='ltr'><strong>inferioris,</strong></span> <span class='ocrx_word' id='word_1_137' title='bbox 1542 2472 1618 2556; x_wconf 88' lang='lat' dir='ltr'><strong>de-</strong></span> 
     </span>
     <span class='ocr_line' id='line_1_19' title="bbox 336 2577 1620 2694; baseline 0 -21"><span class='ocrx_word' id='word_1_138' title='bbox 336 2591 481 2673; x_wconf 80' lang='lat' dir='ltr'><strong>cadum</strong></span> <span class='ocrx_word' id='word_1_139' title='bbox 504 2577 624 2694; x_wconf 77' lang='lat' dir='ltr'><strong>supra</strong></span> <span class='ocrx_word' id='word_1_140' title='bbox 649 2587 902 2672; x_wconf 84' lang='lat' dir='ltr'><strong>decades...</strong></span> <span class='ocrx_word' id='word_1_141' title='bbox 924 2587 1176 2692; x_wconf 88' lang='lat' dir='ltr'><strong>omniumque</strong></span> <span class='ocrx_word' id='word_1_142' title='bbox 1204 2589 1375 2691; x_wconf 86' lang='lat' dir='ltr'><strong>partium</strong></span> <span class='ocrx_word' id='word_1_143' title='bbox 1402 2591 1620 2692; x_wconf 85' lang='lat' dir='ltr'><strong>superioris</strong></span> 
     </span>
     <span class='ocr_line' id='line_1_20' title="bbox 336 2701 1619 2818; baseline 0 -27"><span class='ocrx_word' id='word_1_144' title='bbox 336 2732 457 2810; x_wconf 87' lang='lat' dir='ltr'><strong>supra</strong></span> <span class='ocrx_word' id='word_1_145' title='bbox 492 2729 625 2813; x_wconf 85' lang='lat' dir='ltr'><strong>partes</strong></span> <span class='ocrx_word' id='word_1_146' title='bbox 659 2705 1013 2808; x_wconf 86' lang='lat' dir='ltr'><strong>correspondentes</strong></span> <span class='ocrx_word' id='word_1_147' title='bbox 1030 2701 1251 2790; x_wconf 81' lang='lat' dir='ltr'><strong>inferioris.</strong></span> <span class='ocrx_word' id='word_1_148' title='bbox 1284 2704 1398 2818; x_wconf 52' lang='lat' dir='ltr'><strong>,Ergo</strong></span> <span class='ocrx_word' id='word_1_149' title='bbox 1431 2732 1619 2791; x_wconf 83' lang='lat' dir='ltr'><strong>numerus</strong></span> 
     </span>
     <span class='ocr_line' id='line_1_21' title="bbox 336 2819 1619 2928; baseline -0.002 -19"><span class='ocrx_word' id='word_1_150' title='bbox 336 2844 517 2928; x_wconf 86' lang='lat' dir='ltr'><strong>repertus</strong></span> <span class='ocrx_word' id='word_1_151' title='bbox 537 2827 611 2908; x_wconf 83' lang='lat' dir='ltr'><strong>erit</strong></span> <span class='ocrx_word' id='word_1_152' title='bbox 634 2849 818 2906; x_wconf 83' lang='lat' dir='ltr'><strong>excessus</strong></span> <span class='ocrx_word' id='word_1_153' title='bbox 838 2823 989 2906; x_wconf 90' lang='lat' dir='ltr'><strong>numeri</strong></span> <span class='ocrx_word' id='word_1_154' title='bbox 1009 2824 1223 2924; x_wconf 89' lang='lat' dir='ltr'><strong>superioris</strong></span> <span class='ocrx_word' id='word_1_155' title='bbox 1239 2846 1360 2925; x_wconf 91' lang='lat' dir='ltr'><strong>supra</strong></span> <span class='ocrx_word' id='word_1_156' title='bbox 1379 2819 1619 2907; x_wconf 73' lang='lat' dir='ltr'><strong>inferiorern</strong></span> 
     </span>
     <span class='ocr_line' id='line_1_22' title="bbox 338 2937 1621 3046; baseline -0.002 -20"><span class='ocrx_word' id='word_1_157' title='bbox 338 2944 468 3046; x_wconf 87' lang='lat' dir='ltr'><strong>Atqui</strong></span> <span class='ocrx_word' id='word_1_158' title='bbox 496 2942 566 3022; x_wconf 90' lang='lat' dir='ltr'><strong>ille</strong></span> <span class='ocrx_word' id='word_1_159' title='bbox 597 2966 780 3021; x_wconf 81' lang='lat' dir='ltr'><strong>excessus</strong></span> <span class='ocrx_word' id='word_1_160' title='bbox 807 2957 867 3020; x_wconf 90' lang='lat' dir='ltr'><strong>est</strong></span> <span class='ocrx_word' id='word_1_161' title='bbox 896 2938 1117 3020; x_wconf 88' lang='lat' dir='ltr'><strong>differentia</strong></span> <span class='ocrx_word' id='word_1_162' title='bbox 1151 2965 1401 3023; x_wconf 88' lang='lat' dir='ltr'><strong>numerorum</strong></span> <span class='ocrx_word' id='word_1_163' title='bbox 1432 2937 1621 3044; x_wconf 87' lang='lat' dir='ltr'><strong>proposi-</strong></span> 
     </span>
     <span class='ocr_line' id='line_1_23' title="bbox 338 3057 1234 3168; baseline 0.001 -29"><span class='ocrx_word' id='word_1_164' title='bbox 338 3069 493 3140; x_wconf 83' lang='lat' dir='ltr'><strong>torum·</strong></span> <span class='ocrx_word' id='word_1_165' title='bbox 481 3083 608 3168; x_wconf 87' lang='lat' dir='ltr'><strong>,ergo</strong></span> <span class='ocrx_word' id='word_1_166' title='bbox 634 3081 819 3138; x_wconf 87' lang='lat' dir='ltr'><strong>numerus</strong></span> <span class='ocrx_word' id='word_1_167' title='bbox 846 3075 1026 3158; x_wconf 90' lang='lat' dir='ltr'><strong>repertus</strong></span> <span class='ocrx_word' id='word_1_168' title='bbox 1054 3057 1128 3138; x_wconf 92' lang='lat' dir='ltr'><strong>erit</strong></span> <span class='ocrx_word' id='word_1_169' title='bbox 1157 3057 1234 3139; x_wconf 81' lang='lat' dir='ltr'><strong>dte.</strong></span> 
     </span>
    </p>

    <p class='ocr_par' dir='ltr' id='par_1_6' title="bbox 338 3168 1620 3400">
     <span class='ocr_line' id='line_1_24' title="bbox 345 3168 1620 3283; baseline -0.002 -27.864"><span class='ocrx_word' id='word_1_170' title='bbox 345 3174 500 3256; x_wconf 82' lang='grc' dir='ltr'>Ει.</span> <span class='ocrx_word' id='word_1_171' title='bbox 529 3170 853 3258; x_wconf 86' lang='lat' dir='ltr'><strong>Subtrahendurn</strong></span> <span class='ocrx_word' id='word_1_172' title='bbox 880 3176 930 3256; x_wconf 90' lang='lat' dir='ltr'><strong>sir</strong></span> <span class='ocrx_word' id='word_1_173' title='bbox 967 3168 1149 3283; x_wconf 75' lang='lat' dir='ltr'><strong>19648e</strong></span> <span class='ocrx_word' id='word_1_174' title='bbox 1167 3197 1323 3283; x_wconf 79' lang='lat'><strong>30539</strong></span> <span class='ocrx_word' id='word_1_175' title='bbox 1360 3173 1450 3256; x_wconf 84' lang='lat' dir='ltr'><strong>Hos</strong></span> <span class='ocrx_word' id='word_1_176' title='bbox 1485 3195 1620 3256; x_wconf 64' lang='lat' dir='ltr'><strong>numes</strong></span> 
     </span>
     <span class='ocr_line' id='line_1_25' title="bbox 338 3289 1619 3400; baseline -0.005 -24"><span class='ocrx_word' id='word_1_177' title='bbox 338 3318 405 3376; x_wconf 88' lang='lat' dir='ltr'><strong>ros</strong></span> <span class='ocrx_word' id='word_1_178' title='bbox 436 3291 494 3374; x_wconf 90' lang='lat' dir='ltr'><strong>sic</strong></span> <span class='ocrx_word' id='word_1_179' title='bbox 523 3289 694 3396; x_wconf 89' lang='lat' dir='ltr'><strong>dispono</strong></span> <span class='ocrx_word' id='word_1_180' title='bbox 847 3357 848 3362; x_wconf 32' lang='grc' dir='ltr'>ι</span> <span class='ocrx_word' id='word_1_181' title='bbox 958 3312 1102 3400; x_wconf 77' lang='grc'>30539</span> <span class='ocrx_word' id='word_1_182' title='bbox 1124 3293 1340 3374; x_wconf 78' lang='lat' dir='ltr'><strong>Minueoda</strong></span> <span class='ocrx_word' id='word_1_183' title='bbox 1615 3330 1619 3339; x_wconf 93' lang='lat'>·</span> 
     </span>
    </p>

    <p class='ocr_par' dir='ltr' id='par_1_7' title="bbox 574 3407 1410 3514">
     <span class='ocr_line' id='line_1_26' title="bbox 574 3407 1410 3514; baseline -0.008 -21"><span class='ocrx_word' id='word_1_184' title='bbox 574 3423 576 3428; x_wconf 82' lang='grc'><em>’</em></span> <span class='ocrx_word' id='word_1_185' title='bbox 966 3409 1105 3514; x_wconf 77' lang='lat'>19648</span> <span class='ocrx_word' id='word_1_186' title='bbox 1125 3407 1410 3492; x_wconf 81' lang='lat' dir='ltr'><strong>Subtrahenda</strong></span> 
     </span>
    </p>
   </div>
   <div class='ocr_carea' id='block_1_5' title="bbox 955 3523 1344 3657">
    <p class='ocr_par' dir='ltr' id='par_1_8' title="bbox 955 3523 1344 3657">
     <span class='ocr_line' id='line_1_27' title="bbox 955 3523 1344 3657; baseline -0.015 -28"><span class='ocrx_word' id='word_1_187' title='bbox 955 3523 1104 3657; x_wconf 58' lang='grc' dir='ltr'><strong>ἶὸἷᾷἷ</strong></span> <span class='ocrx_word' id='word_1_188' title='bbox 1125 3544 1344 3626; x_wconf 80' lang='lat' dir='ltr'><strong>Residuum</strong></span> 
     </span>
    </p>
   </div>
   <div class='ocr_carea' id='block_1_6' title="bbox 251 3761 1623 4220">
    <p class='ocr_par' dir='ltr' id='par_1_9' title="bbox 251 3761 1623 4220">
     <span class='ocr_line' id='line_1_28' title="bbox 339 3761 1618 3872; baseline -0.009 -20"><span class='ocrx_word' id='word_1_189' title='bbox 339 3767 392 3852; x_wconf 79' lang='lat' dir='ltr'><strong>Et</strong></span> <span class='ocrx_word' id='word_1_190' title='bbox 428 3761 494 3849; x_wconf 87' lang='lat' dir='ltr'><strong>ab·</strong></span> <span class='ocrx_word' id='word_1_191' title='bbox 512 3761 726 3848; x_wconf 85' lang='lat' dir='ltr'><strong>unitatibus</strong></span> <span class='ocrx_word' id='word_1_192' title='bbox 760 3767 1014 3872; x_wconf 86' lang='lat' dir='ltr'><strong>incipiendo,</strong></span> <span class='ocrx_word' id='word_1_193' title='bbox 1043 3764 1165 3845; x_wconf 88' lang='lat' dir='ltr'><strong>dico:</strong></span> <span class='ocrx_word' id='word_1_194' title='bbox 1194 3765 1482 3870; x_wconf 87' lang='lat'><strong>9-8-.:1,</strong></span> <span class='ocrx_word' id='word_1_195' title='bbox 1499 3784 1618 3866; x_wconf 88' lang='lat' dir='ltr'><strong>quant</strong></span> 
     </span>
     <span class='ocr_line' id='line_1_29' title="bbox 340 3876 1622 3992; baseline -0.011 -22"><span class='ocrx_word' id='word_1_196' title='bbox 340 3884 414 3970; x_wconf 88' lang='lat' dir='ltr'><strong>sub</strong></span> <span class='ocrx_word' id='word_1_197' title='bbox 438 3885 623 3966; x_wconf 88' lang='lat' dir='ltr'><strong>lineola</strong></span> <span class='ocrx_word' id='word_1_198' title='bbox 612 3912 651 3965; x_wconf 90' lang='grc' dir='ltr'><strong>ιιι</strong></span> <span class='ocrx_word' id='word_1_199' title='bbox 675 3884 860 3992; x_wconf 86' lang='lat' dir='ltr'><strong>columna</strong></span> <span class='ocrx_word' id='word_1_200' title='bbox 884 3886 1079 3964; x_wconf 88' lang='lat' dir='ltr'><strong>unitatum</strong></span> <span class='ocrx_word' id='word_1_201' title='bbox 1106 3876 1266 3985; x_wconf 88' lang='lat' dir='ltr'><strong>scribo·</strong></span> <span class='ocrx_word' id='word_1_202' title='bbox 1282 3881 1323 3964; x_wconf 78' lang='lat' dir='ltr'><strong>dt</strong></span> <span class='ocrx_word' id='word_1_203' title='bbox 1343 3878 1396 3962; x_wconf 91' lang='lat' dir='ltr'><strong>ad</strong></span> <span class='ocrx_word' id='word_1_204' title='bbox 1424 3879 1622 3959; x_wconf 79' lang='lat' dir='ltr'><strong>decennos</strong></span> 
     </span>
     <span class='ocr_line' id='line_1_30' title="bbox 340 3994 1623 4133; baseline -0.01 -48"><span class='ocrx_word' id='word_1_205' title='bbox 340 4003 608 4105; x_wconf 84' lang='lat' dir='ltr'><strong>transeundo,</strong></span> <span class='ocrx_word' id='word_1_206' title='bbox 632 4004 817 4133; x_wconf 55' lang='lat' dir='ltr'><strong>quonian}</strong></span> <span class='ocrx_word' id='word_1_207' title='bbox 836 3995 858 4078; x_wconf 80' lang='grc' dir='ltr'>ὲ</span> <span class='ocrx_word' id='word_1_208' title='bbox 878 4025 901 4104; x_wconf 90' lang='grc'>3</span> <span class='ocrx_word' id='word_1_209' title='bbox 920 3995 1102 4076; x_wconf 88' lang='lat' dir='ltr'><strong>subtrahi</strong></span> <span class='ocrx_word' id='word_1_210' title='bbox 1129 3997 1263 4098; x_wconf 87' lang='lat' dir='ltr'><strong>nequit</strong></span> <span class='ocrx_word' id='word_1_211' title='bbox 1281 4021 1312 4102; x_wconf 85' lang='lat'><strong>4</strong></span> <span class='ocrx_word' id='word_1_212' title='bbox 1330 4057 1341 4099; x_wconf 90' lang='lat'><strong>,</strong></span> <span class='ocrx_word' id='word_1_213' title='bbox 1365 3997 1512 4077; x_wconf 87' lang='lat' dir='ltr'><strong>addam</strong></span> <span class='ocrx_word' id='word_1_214' title='bbox 1541 3994 1623 4096; x_wconf 87' lang='lat' dir='ltr'><strong>pri·</strong></span> 
     </span>
     <span class='ocr_line' id='line_1_31' title="bbox 251 4110 1617 4220; baseline -0.006 -19"><span class='ocrx_word' id='word_1_215' title='bbox 251 4149 253 4154; x_wconf 74' lang='grc'><strong>’</strong></span> <span class='ocrx_word' id='word_1_216' title='bbox 340 4123 414 4201; x_wconf 81' lang='lat' dir='ltr'><strong>tnae</strong></span> <span class='ocrx_word' id='word_1_217' title='bbox 446 4139 548 4203; x_wconf 87' lang='lat' dir='ltr'><strong>notae</strong></span> <span class='ocrx_word' id='word_1_218' title='bbox 581 4122 721 4200; x_wconf 85' lang='lat' dir='ltr'><strong>decern</strong></span> <span class='ocrx_word' id='word_1_219' title='bbox 750 4119 948 4216; x_wconf 86' lang='lat' dir='ltr'><strong>unitates,</strong></span> <span class='ocrx_word' id='word_1_220' title='bbox 974 4106 1098 4193; x_wconf 91' lang='lat' dir='ltr'><strong>esibi</strong></span> <span class='ocrx_word' id='word_1_221' title='bbox 1128 4115 1309 4214; x_wconf 82' lang='lat' dir='ltr'><strong>proximo</strong></span> <span class='ocrx_word' id='word_1_222' title='bbox 1330 4136 1353 4220; x_wconf 86' lang='lat'>5</span> <span class='ocrx_word' id='word_1_223' title='bbox 1373 4116 1617 4217; x_wconf 85' lang='lat' dir='ltr'><strong>desumptas,</strong></span> 
     </span>
    </p>
   </div>
   <div class='ocr_carea' id='block_1_7' title="bbox 331 4223 1620 4429">
    <p class='ocr_par' dir='ltr' id='par_1_10' title="bbox 331 4223 1620 4429">
     <span class='ocr_line' id='line_1_32' title="bbox 339 4223 1620 4348; baseline -0.008 -27.841"><span class='ocrx_word' id='word_1_224' title='bbox 339 4237 486 4348; x_wconf 79' lang='lat' dir='ltr'><strong>sicque</strong></span> <span class='ocrx_word' id='word_1_225' title='bbox 511 4239 678 4321; x_wconf 69' lang='lat' dir='ltr'><strong>dicans-z</strong></span> <span class='ocrx_word' id='word_1_226' title='bbox 698 4257 848 4338; x_wconf 85' lang='lat'><strong>13-</strong></span> <span class='ocrx_word' id='word_1_227' title='bbox 864 4251 969 4337; x_wconf 81' lang='lat'><strong>4:</strong></span> <span class='ocrx_word' id='word_1_228' title='bbox 987 4252 1055 4342; x_wconf 87' lang='lat'><strong>9,</strong></span> <span class='ocrx_word' id='word_1_229' title='bbox 1088 4255 1207 4339; x_wconf 86' lang='lat' dir='ltr'><strong>quern</strong></span> <span class='ocrx_word' id='word_1_230' title='bbox 1241 4229 1320 4317; x_wconf 90' lang='lat' dir='ltr'><strong>sub</strong></span> <span class='ocrx_word' id='word_1_231' title='bbox 1349 4223 1620 4317; x_wconf 77' lang='lat' dir='ltr'><strong>decennaruin</strong></span> 
     </span>
     <span class='ocr_line' id='line_1_33' title="bbox 331 4373 1617 4429; baseline -0.007 8"><span class='ocrx_word' id='word_1_232' title='bbox 331 4375 350 4388; x_wconf 85' lang='lat'><em>·</em></span> <span class='ocrx_word' id='word_1_233' title='bbox 1541 4373 1617 4429; x_wconf 84' lang='lat' dir='ltr'><strong>co-</strong></span> 
     </span>
    </p>
   </div>
   <div class='ocr_carea' id='block_1_8' title="bbox 0 0 1909 5050">
    <p class='ocr_par' dir='ltr' id='par_1_11' title="bbox 0 0 1909 5050">
     <span class='ocr_line' id='line_1_34' title="bbox 0 0 1909 5050; baseline 0 0"><span class='ocrx_word' id='word_1_234' title='bbox 0 0 1909 5050; x_wconf 95' lang='lat' dir='ltr'><strong> </strong></span> 
     </span>
    </p>
   </div>
  </div>
 </body>
</html>
