3800 5050
463 395 1322 532 Ikammmmmmmm&e
1431 378 1548 535 73=

244 571 478 689 n't··t-y.·:8
495 635 508 681 ,
527 570 598 670 vel,
614 599 716 655 nr:
730 570 869 682 8-1-32
888 600 902 682 3
932 574 1039 659 unde
1066 573 1122 657 ad
1139 573 1428 658 ‘inveniendum
1457 601 1538 666 ua-

242 693 374 777 lorem
394 722 454 799 n,
482 690 802 778 determinandus
829 710 890 775 est
922 685 1132 791 arbitrarii
1150 692 1270 776 valor
1292 718 1333 800 y.
1371 689 1538 795 Suppes

243 838 383 895 namus
420 814 555 920 itaque
588 836 694 918 y:
711 807 764 892 28
784 836 798 915 3
818 812 892 893 erit
910 837 1086 894 orz-
1104 835 1192 917 203
1222 810 1265 894 dt
1293 812 1350 891 ita
1378 810 1538 895 resolu-

244 948 328 1015 tum
368 950 502 1015 manet
544 926 783 1035 problema,
824 929 935 1035 quod
971 928 1134 1036 quidem
1169 947 1230 1011 tot
1272 926 1534 1035 solutionum,
1628 930 1633 938 '

244 1066 390 1157 quoty
429 1048 618 1134 valorum
652 1067 888 1151 caperest.
921 1044 1158 1153 Aliquando
1188 1045 1333 1130 horum
1370 1044 1538 1150 proble-

241 1185 393 1250 matum
417 1166 564 1253 solutio
592 1164 646 1250 ad
673 1163 832 1248 modica
860 1166 1142 1278 restringitur,
1159 1164 1254 1247 dum
1279 1191 1420 1269 nempe
1439 1191 1537 1245 coner

241 1282 344 1365 ditio
367 1284 610 1398 adhibetur,
637 1281 747 1392 quod
782 1285 936 1367 numeri
965 1282 1041 1365 sint
1072 1281 1245 1395 integri,
1278 1284 1321 1365 δι
1355 1282 1537 1389 positivi,

241 1398 296 1482 ub
328 1405 437 1510 quod
475 1406 838 1486 semideterrninnin
870 1416 1159 1503 nuncupantur.
1193 1393 1274 1482 Sed
1314 1398 1403 1481 haec
1443 1421 1537 1483 tan-

241 1544 364 1627 quam
401 1522 562 1605 curiosa
598 1520 761 1628 potius,
798 1544 919 1629 quam
955 1517 1104 1623 utilia,
1139 1509 1325 1600 consulti)
1370 1519 1551 1620 praeter-‘

241 1638 445 1723 mittimus.
503 1674 506 1679 ·
860 1694 868 1709 --
1376 1703 1380 1710 .

257 1777 327 1908 'y
536 1759 757 1916 PARS
838 1756 1290 1911 ΩΗΑΜΑ.1

409 1988 493 2090 De
511 1983 806 2088 Rationibns
823 2058 840 2114 ,
856 1985 928 2104 v&⁹
948 1935 1366 2118 proportionibus.
1389 1940 1396 2058 ἰ
1529 2078 1533 2087 .

254 2164 258 2177 ’
501 2156 934 2337 Autronius
993 2168 1279 2297 suturis,

254 2370 263 2507 ζ
383 2390 448 2481 De
468 2347 712 2475 Rationibus
729 2450 742 2496 ‚
761 2392 804 2475 di
818 2362 1145 2499 proportionibus
1172 2399 1213 2475 in
1238 2372 1395 2501 genere.

279 2575 362 2661 180
391 2575 565 2738 RAtio
583 2574 752 2658 duarum
771 2576 1037 2683 quantitatum
1055 2590 1114 2656 est
1132 2581 1383 2680 comparatio
1401 2583 1533 2687 unius,

252 2731 262 2742 ·
474 2721 584 2801 ‘quae
610 2711 783 2775 vocatur·
805 2692 1070 2795 antecedens,
1090 2717 1185 2776 eum
1204 2695 1333 2778 altera
1352 2694 1530 2804 ejusdem

239 2814 420 2918 speciei,
448 2809 702 2918 que-dieitur
723 2831 970 2912 consequens.
1006 2807 1293 2916 Antecedens,
1317 2812 1360 2893 δι
1387 2839 1533 2896 conse-

240 2957 365 3040 quens
384 2919 572 3013 dicuntur
591 2933 750 3009 termini
767 2933 966 3030 rationis,
983 2924 1390 3012 &indicanttertiam
1408 2931 1531 3014 aliam

241 3050 535 3157 quantitatem,
570 3069 661 3153 quae
696 3063 870 3132 vocatur
902 3059 1130 3154 exponent,
1159 3063 1234 3132 aut
1265 3047 1533 3134 denominatur
1596 3150 1600 3158 Ι

240 3168 419 3253 rationis.
1210 3218 1213 3225 »
1319 3207 1328 3214 -

251 3317 259 3328 ·
307 3285 386 3365 181
449 3281 560 3368 Dum
589 3283 839 3387 comparatio
861 3277 1070 3365 ordinatur
1092 3280 1148 3364 ad
1172 3279 1428 3389 quaerendam
1448 3287 1534 3370 dif-

241 3398 452 3482 ferentiam
477 3403 581 3484 inter
603 3399 871 3507 antecedens,
894 3400 935 3482 δι
949 3426 1232 3506 consequens,
1256 3403 1359 3484 ratio
1382 3403 1531 3491 dicitur

239 3517 545 3625 Arithmetica3
571 3520 606 3601 si
637 3535 770 3603 autem
804 3515 858 3601 ad
898 3516 1217 3632 investigandam
1245 3522 1527 3604 continentiam

235 3633 446 3744 adivam,
468 3655 537 3720 aut
561 3637 764 3742 passivam
801 3650 978 3720 mutuam
1005 3633 1274 3719 antecedentis
1310 3638 1350 3720 in
1382 3666 1527 3721 conse·
1607 3699 1620 3736 ,

242 3774 415 3862 quente,
436 3754 700 3838 Geometricn.
1518 3755 1521 3759 “
1558 3753 1562 3756 ⁴

304 3875 386 3958 182
447 3873 558 3988 Ergo
588 3898 789 3977 exponens
815 3871 979 3955 rationis
1005 3868 1300 3976 arithmeticae,
1325 3899 1394 3955 seu
1414 3872 1527 3958 diffe-

240 3992 368 4068 rentia
395 3992 497 4072 inter
535 3993 636 4074 duos
662 3988 748 4101 ejus
779 3990 967 4072 terminos
997 3989 1220 4071 invenietur
1253 3988 1526 4077 subtrahendo

240 4103 447 4185 terminum
487 4111 677 4190 minorem
713 4103 939 4218 emajori5
967 4108 1220 4219 geometricae
1250 4127 1382 4188 autern
1417 4109 1526 4193 divi-

81 4328 84 4339 Ι
155 4303 156 4308 Ν
242 4214 378 4300 dendo
407 4243 525 4304 unum
558 4228 780 4310 terminum·
796 4253 867 4331 per
895 4225 1045 4310 alium:
1065 4225 1123 4307 sic
1149 4226 1182 4304 si
1210 4226 1454 4328 ce-bzd
1468 4291 1480 4333 ,
1497 4233 1529 4310 d-

245 4369 247 4372 ·
1448 4364 1522 4424 ent
1656 4375 1658 4379 ·
