3800 5050
524 449 606 551 De
636 442 832 549 Calculo
865 442 1143 576 integrali-3
1165 442 1274 561 &a
1396 437 1511 567 '287

311 603 397 725 830
456 600 594 701 Schol.
639 618 709 699 Ad
751 616 1018 698 denotandam
1055 613 1288 726 integralem
1325 604 1540 722 cujuslibet
1556 595 1647 705 Fig-

249 731 550 838 differentialis,
568 736 820 837 anteponitur
847 732 983 815 littera
1000 732 1035 813 S
1036 759 1075 838 ,ς
1092 732 1150 813 sie
1178 733 1261 811 sdsr
1289 729 1454 811 denotat
1471 724 1542 808 in.-

249 850 443 963 tegralem
480 839 750 934 differentialis
771 850 870 953 dor,
889 848 937 929 S’
951 848 1065 956 (ador
1087 894 1148 909 -
1168 845 1313 952 auda.)
1342 841 1541 957 significat

247 968 483 1079 integralem
525 966 902 1072 correspondentem
944 964 1198 1048 differentiali
1238 962 1542 1064 adu-uadum

249 1082 406 1166 idcirco
441 1086 660 1169 litterarum
689 1085 718 1163 d
743 1142 768 1187 ‚,
789 1082 837 1164 S.
858 1109 970 1165 usus
988 1083 1028 1163 in
1059 1081 1224 1166 calculo
1262 1074 1568 1162 infinitesimali·

249 1198 635 1307 aequivocationibus
663 1199 800 1283 locum
826 1198 1025 1304 preberet
1044 1219 1191 1304 posset.

610 1429 1056 1520 ARTICULUS
1115 1430 1184 1517 ΙΙ.

297 1741 300 1745 ,
367 1666 435 1751 De
465 1666 739 1774 Integraume
777 1676 1051 1773 quantitatum
1084 1664 1427 1771 afferentialium.

281 1897 364 2007 831
401 1896 605 2095 PRobl.
630 1901 814 1985 Invenire
840 1909 1024 2011 regulam
1043 1902 1388 2010 fundamentalem
1412 1897 1467 1981 ad
1485 1903 1546 2006 tm

514 2020 760 2125 tegrandas·'
773 2030 1026 2127 quantitates
1062 2020 1367 2123 differentiales.
1519 2059 1525 2072 ·

337 2134 494 2240 Posito&
511 2134 622 2243 quod
655 2136 915 2222 differentiale
949 2140 1197 2245 quantitatis·
1216 2133 1429 2249 cujuslibet
1467 2160 1545 2219 va-

248 2247 400 2336 riabilis
429 2271 489 2336 est
517 2251 756 2357 productum
780 2254 865 2366 ejus
892 2259 1125 2360 exponentis
1145 2283 1217 2361 per
1235 2255 1403 2339 eandem
1420 2278 1545 2360 quan·

241 2369 636 2481 titatem‚diminuto
660 2391 882 2475 exponente
908 2375 948 2454 in
976 2402 1054 2458 una
1083 2371 1544 2480 unitate‚multiplicato

250 2484 330 2570 hoc
361 2488 558 2592 producto
587 2514 659 2595 per
687 2489 949 2579 differentiale
981 2492 1128 2575 radicis
1158 2489 1280 2599 (807
1298 2488 1314 2598 )
1330 2549 1343 2593 ‚
1362 2489 1405 2572 da
1434 2482 1545 2594 quod

247 2607 441 2690 calculus·
467 2607 671 2718 integralis
708 2627 769 2710 est
810 2611 991 2693 inversus
1035 2628 1220 2711 respectu
1256 2606 1546 2705 differentialis,

248 2741 360 2825 patet
386 2723 494 2830 quod
520 2724 574 2807 ad
602 2725 876 2837 integrandam
894 2727 1158 2833 quantitatem
1183 2720 1402 2831 quamlibet
1426 2716 1545 2801 diffe-

246 2841 481 2945 rentialem‚
508 2839 714 2924 observari
744 2839 863 2926 debet
891 2868 1062 2947 sequens

335 2959 523 3066 Regula:
556 2958 769 3071 Augeatur
799 2985 878 3042 una
905 2960 1058 3041 unitate
1084 2970 1286 3062 exponens
1314 2953 1546 3062 quantitatis

246 3074 559 3181 differentialis,
594 3077 637 3159 dt
670 3073 883 3158 di'vidatur'
918 3075 1171 3180 postmodum
1213 3092 1298 3156 tota
1341 3071 1546 3175 expressiit

250 3188 521 3306 differentialis
558 3217 630 3299 per
667 3191 930 3277 differentiale
969 3193 1118 3277 radicis
1150 3188 1434 3294 ¹multiplicata
1471 3183 1556 3294 per'

249 3325 511 3406 exponentem
545 3311 602 3394 ita
638 3330 815 3394 auctum.
1523 3407 1526 3416 Ι

312 3421 397 3532 832
441 3423 613 3508 'CorolL
648 3425 754 3508 Cum
783 3428 1044 3533 omittantur,
1065 3426 1226 3534 quando
1255 3423 1545 3508 differentiatur

247 3533 383 3645 aliqua
418 3542 642 3645 quantitas,
661 3545 900 3646 quantitates
933 3563 1159 3629 constantes
1191 3571 1280 3651 quae
1310 3545 1351 3626 in
1383 3566 1545 3645 expres-

247 3657 358 3739 sione
382 3656 636 3738 inveniuntur
663 3677 880 3774 segregata
898 3655 922 3742 a
939 3658 1227 3765 variabilibus,
1244 3688 1294 3742 eo
1320 3657 1429 3766 quod
1458 3653 1544 3765 eju's

100 3873 102 3878 ,
247 3771 513 3861 differentiale
548 3773 597 3856 sit
615 3800 712 3856 :0
743 3773 864 3886 (803
886 3775 930 3884 )‚
958 3776 1123 3861 infertur
1155 3779 1263 3885 quod
1297 3779 1416 3858 etiam
1446 3772 1544 3855 dum

249 3890 468 4005 integratur
501 3895 708 3998 expressio
739 3892 1012 3977 differentialis
1048 3923 1120 4000 per
1155 3897 1335 4013 regulam
1367 3890 1545 3993 anterio*-
1604 3985 1617 3993 .

251 4025 368 4110 rem,
396 4010 520 4097 asseri
550 4012 687 4118 nequit
722 4010 832 4118 quod
864 4015 1065 4118 quantitas
1095 4013 1188 4098 iude
1222 4011 1461 4117 proveniens
1493 4008 1546 4093 sit

252 4117 456 4228 integralis
480 4129 682 4234 completa
695 4157 716 4238 ς,
728 4129 881 4212 idcirco
911 4123 1097 4244 integrali
1123 4158 1195 4237 per
1222 4130 1334 4213 illam
1364 4128 1545 4246 regulam

252 4234 460 4366 resultanti
477 4268 633 4332 necesse
654 4265 713 4332 est
736 4273 893 4355 semper
916 4249 1067 4335 addere
1084 4243 1346 4354 quantitatem
1369 4249 1547 4377 indeter-

252 4413 256 4420 ,
413 4384 423 4396 ‘
1085 4379 1108 4449 a
1470 4386 1549 4444 un-
