3800 5050
82 483 101 573 ,·
217 164 375 524 ’a
685 424 1109 561 ''PcrsL'
1226 444 1237 531 ’,
1536 540 1539 547 ,
1818 525 1820 558 ,

310 588 481 695 unitates
523 592 627 675 notis
671 581 965 710 designantur,
996 598 1073 683 situ
1115 615 1248 682 tamen
1290 596 1598 715 distinguunturt

190 4005 193 4010 ’
309 4000 420 4110 ginta
439 3997 480 4080 δι
499 4024 598 4078 unus
623 3998 848 4106 milliunes,
865 3995 1104 4110 septingenti
1127 3991 1269 4103 viginti
1288 3989 1330 4074 dc
1350 3992 1446 4074 octe
1469 3985 1595 4092 mille,
1623 4036 1625 4042 ·

254 728 257 735 ’
310 727 403 803 naut
433 708 572 811 -primo
611 711 704 793 locu
745 712 825 821 (ad
865 713 1070 797 dexteram
1110 714 1308 829 legentis)
1343 737 1598 819 apponuntur

308 824 510 935 simplices
532 829 728 914 unitates:
744 833 784 913 in
810 833 990 939 sequenti
1007 832 1208 917 decades:
1227 834 1268 917 in
1292 834 1475 938 proximo
1503 860 1597 916 cen·

309 943 423 1027 turiae
448 943 528 1029 &e
698 1042 704 1061 e
755 972 762 983 ·
828 1026 831 1031 ,
927 1012 932 1027 .

371 1082 394 1167 5
457 1052 596 1168 ltaque
622 1064 676 1146 ad
703 1066 1002 1169 exprimendum
1031 1067 1315 1180 quinquaginta
1345 1066 1455 1168 duo,
1476 1066 1595 1171 quin·

310 1200 390 1285 que
419 1204 561 1295 nempe
588 1181 786 1288 decades,
813 1184 856 1267 dt
885 1186 985 1268 duas
1016 1187 1214 1289 unitates,
1241 1180 1504 1299 scribendum
1524 1191 1579 1289 5'2
1664 1282 1667 1289 Ι

310 1322 478 1401 quorum
498 1324 525 1379 a
552 1302 749 1406 unitates,
776 1327 797 1406 5
831 1302 1005 1384 decades
1031 1302 1238 1405 exprimat.
1578 1331 1590 1339 ’“

371 1406 400 1492 6
458 1410 570 1519 Cifra
590 1442 617 1497 0
637 1420 820 1522 quamvis
847 1419 945 1499 nihil
977 1408 1199 1531 significet,
1216 1420 1252 1501 si
1279 1434 1420 1501 tamen.
1441 1414 1496 1499 ad
1527 1442 1596 1498 te·
1650 1411 1654 1422 ’

310 1526 525 1635 liquorum.
547 1532 727 1617 dextram
764 1554 1032 1641 apponatur,
1069 1561 1204 1618 eorum
1239 1535 1421 1618 vitiorem
1460 1534 1595 1616 decies

310 1649 531 1757 augetqsic
557 1676 607 1733 ιο
634 1651 742 1733 valet
774 1650 1014 1735 decemtao
1037 1650 1179 1763 uiginti
1202 1652 1281 1737 dte.
1306 1648 1358 1734 Ἐἰ
1383 1648 1485 1733 cifta
1511 1651 1596 1735 alia

237 1868 241 1873 1
312 1760 388 1871 (ad
420 1763 646 1876 dexteram)
676 1767 915 1875 adjiciatur,
934 1768 1108 1857 decades
1127 1772 1176 1851 in
1200 1770 1399 1852 centurias
1422 1794 1593 1849 conver·

311 1897 453 1973 centur.
483 1880 549 1967 Sic
573 1909 655 1967 100
672 1885 780 1967 valet
800 1905 982 1968 centum:
1001 1911 1087 1968 200
1105 1884 1280 1969 ducenta
1293 1885 1372 1968 dte.
1398 1886 1494 1977 Huc
1519 1900 1594 1967 est:

171 2028 179 2045 ·
310 2014 416 2087 unte.
433 2002 600 2103 ecdem,
617 2001 865 2107 ejusdemque
879 2009 1088 2086 intrinseci
1111 2000 1330 2103 eninm
1349 2008 1444 2091 situ
1458 2000 1596 2081 diner-

271 2124 272 2128 '
310 2139 398 2195 sum
426 2117 701 2205 characterem
733 2120 899 2203 induunt
914 2150 931 2225 ,·
944 2116 1136 2224 ·fiuntque
1170 2124 1381 2220 unitates,
1404 2115 1599 2221 decades,

310 2236 613 2321 centuriatis.
661 2298 668 2315 .
1587 2298 1593 2310 .
1691 2317 1696 2328 ,

318 2420 321 2429 .
366 2349 683 2460 quroblema.
712 2354 871 2460 Legere
899 2375 1163 2458 quemcunque
1190 2374 1392 2433 numerum
1424 2375 1479 2431 ex
1506 2356 1595 2453 qui-

311 2465 483 2550 buslibet
517 2476 622 2554 nctis
648 2480 922 2578 compositum,
1258 2535 1260 2540 .
1590 2540 1594 2548 .

318 2662 324 2672 .
400 2583 530 2671 Sulut.
561 2588 606 2669 ln
629 2594 782 2672 classes
802 2589 986 2704 ‘virgula'
1002 2585 1219 2700 disjunctas
1243 2583 1476 2690 dividatur,
1495 2613 1595 2693 qua.-

311 2727 399 2787 tum
422 2703 609 2810 quelibet
629 2709 749 2794 niun.
770 2707 1046 2813 sitnotarum,
1062 2702 1088 2789 it
1102 2706 1242 2790 dextra
1268 2704 1518 2810 incipiendo:
1535 2700 1597 2785 ab·

311 2821 453 2904 eodem
475 2821 600 2908 latere
628 2850 695 2905 sex
725 2824 977 2927 postmodum
1006 2843 1280 2926 assumantur,
1298 2843 1487 2930 tanquam
1521 2845 1596 2901 va-

309 2932 441 3020 iotum
472 2941 704 3044 dignitates.
736 2942 780 3022 ln
809 2940 886 3024 fine
919 2942 1056 3045 primae
1084 2939 1335 3055 dignitatis1
1370 2965 1492 3042 supra
1521 2961 1595 3038 ap-

311 3076 482 3162 ponatur
497 3059 564 3138 ·..in
584 3055 661 3141 fine
685 3057 911 3142 secundae
933 3059 1011 3149 dte.
1036 3058 1132 3162 Quo
1157 3057 1293 3162 facio,
1311 3051 1337 3138 a
1358 3056 1462 3138 iaeva
1483 3052 1596 3163 lege·

271 3211 278 3223 ¹
310 3199 354 3256 re
373 3170 608 3279 incipiatur,
625 3176 868 3261 numerando
895 3181 999 3256 mille
1024 3174 1092 3257 ubi
1118 3175 1205 3257 sula
1233 3174 1283 3254 sit
1314 3170 1500 3287 vitguia',
1519 3165 1597 3248 ,ubi

311 3319 433 3393 supra
459 3292 508 3372 sit
537 3299 739 3376 numesus¹
764 3299 905 3399 millio,
926 3294 1053 3378 toties·
1063 3289 1325 3396 repetendus,
1344 3307 1441 3393 quot
1460 3285 1595 3381 unita-

310 3428 370 3493 tes
402 3411 441 3492 in
475 3409 585 3491 dieto
615 3435 778 3491 numero
803 3412 878 3490 sint
908 3411 1090 3518 &cqaut
1106 3409 1267 3492 facilius
1289 3405 1502 3504 miliionis,
1518 3399 1597 3484 bil·

310 3527 456 3632 lionis,
471 3527 775 3630 trillionis,.&c.
795 3523 962 3612 vocibus
992 3548 1126 3632 utere,
1152 3553 1191 3607 v.
1203 3553 1241 3638 g.
1258 3529 1324 3625 2³,
1340 3517 1448 3628 468.
1466 3526 1599 3627 539²,

196 3745 202 3758 ι
276 3686 279 3692 ,
310 3668 422 3748 025,
441 3642 563 3748 641¹,
582 3644 697 3751 728,
717 3645 815 3726 028.
837 3643 906 3726 Sic
929 3647 1063 3752 itaque
1082 3646 1261 3755 legetur:
1281 3637 1365 3721 duo
1384 3637 1594 3747 trillioues,

309 3782 640 3868 quatuorcentum
669 3765 997 3876 sexagintaructo
1030 3761 1173 3863 mille,
1202 3758 1407 3868 quingenti
1433 3754 1596 3864 triginta
1664 3773 1668 3780 ’

309 3906 455 3962 novem
482 3876 688 3982 billiones',
709 3881 1025 3994 vigIntiquinque
1047 3874 1155 3972 milie
1172 3932 1185 3976 ,
1202 3874 1404 3976 sexcenti,
1424 3868 1597 3977 quadra-

308 4115 353 4198 &
384 4116 526 4230 vigimi
553 4114 594 4197 dc
628 4134 744 4202 octo..
1027 4221 1035 4235 ρ
1512 4173 1515 4177 -
1589 4137 1595 4159 ·

1448 4343 1594 4430 Mo,
