<?xml version="1.0" encoding="UTF-8"?>
<!DOCTYPE html PUBLIC "-//W3C//DTD XHTML 1.0 Transitional//EN"
    "http://www.w3.org/TR/xhtml1/DTD/xhtml1-transitional.dtd">
<html xmlns="http://www.w3.org/1999/xhtml" xml:lang="en" lang="en">
 <head>
  <title>
</title>
<meta http-equiv="Content-Type" content="text/html;charset=utf-8" />
  <meta name='ocr-system' content='tesseract 3.04.00' />
  <meta name='ocr-capabilities' content='ocr_page ocr_carea ocr_par ocr_line ocrx_word'/>
</head>
<body>
  <div class='ocr_page' id='page_1' title='image "./tractatuspraeli00villgoog_0098.png"; bbox 0 0 3800 5050; ppageno 0'>
   <div class='ocr_carea' id='block_1_1' title="bbox 487 327 1587 511">
    <p class='ocr_par' dir='ltr' id='par_1_1' title="bbox 487 327 1587 511">
     <span class='ocr_line' id='line_1_1' title="bbox 487 327 1587 511; baseline 0.012 -35"><span class='ocrx_word' id='word_1_1' title='bbox 487 327 582 477; x_wconf 87' lang='lat' dir='ltr'>De</span> <span class='ocrx_word' id='word_1_2' title='bbox 599 373 797 510; x_wconf 82' lang='lat' dir='ltr'>Regula</span> <span class='ocrx_word' id='word_1_3' title='bbox 814 403 1102 506; x_wconf 79' lang='lat' dir='ltr'>aurea,seu</span> <span class='ocrx_word' id='word_1_4' title='bbox 1120 376 1289 478; x_wconf 84' lang='lat' dir='ltr'>trium.</span> <span class='ocrx_word' id='word_1_5' title='bbox 1429 407 1499 508; x_wconf 86' lang='lat'>93</span> <span class='ocrx_word' id='word_1_6' title='bbox 1583 503 1587 511; x_wconf 41' lang='lat'><strong>.</strong></span> 
     </span>
    </p>
   </div>
   <div class='ocr_carea' id='block_1_2' title="bbox 182 547 1660 3359">
    <p class='ocr_par' dir='ltr' id='par_1_2' title="bbox 248 547 1534 660">
     <span class='ocr_line' id='line_1_2' title="bbox 248 547 1534 660; baseline -0.004 -24"><span class='ocrx_word' id='word_1_7' title='bbox 248 548 466 636; x_wconf 81' lang='lat' dir='ltr'>secundam</span> <span class='ocrx_word' id='word_1_8' title='bbox 480 608 502 655; x_wconf 83' lang='grc'>,</span> <span class='ocrx_word' id='word_1_9' title='bbox 518 549 686 632; x_wconf 86' lang='lat' dir='ltr'>eandem</span> <span class='ocrx_word' id='word_1_10' title='bbox 712 548 932 651; x_wconf 85' lang='lat' dir='ltr'>rationem,</span> <span class='ocrx_word' id='word_1_11' title='bbox 953 547 1113 630; x_wconf 89' lang='lat' dir='ltr'>minoris</span> <span class='ocrx_word' id='word_1_12' title='bbox 1140 567 1277 632; x_wconf 87' lang='lat' dir='ltr'>tamen·</span> <span class='ocrx_word' id='word_1_13' title='bbox 1290 609 1304 657; x_wconf 86' lang='lat'>‚</span> <span class='ocrx_word' id='word_1_14' title='bbox 1317 565 1391 632; x_wconf 86' lang='lat' dir='ltr'>aut</span> <span class='ocrx_word' id='word_1_15' title='bbox 1409 548 1534 660; x_wconf 83' lang='lat' dir='ltr'>majo·-</span> 
     </span>
    </p>

    <p class='ocr_par' dir='ltr' id='par_1_3' title="bbox 99 663 1660 1718">
     <span class='ocr_line' id='line_1_3' title="bbox 249 663 1533 777; baseline -0.001 -25.209"><span class='ocrx_word' id='word_1_16' title='bbox 249 670 304 752; x_wconf 83' lang='lat' dir='ltr'>ris</span> <span class='ocrx_word' id='word_1_17' title='bbox 322 669 618 774; x_wconf 71' lang='lat' dir='ltr'>inaequalitatis.</span> <span class='ocrx_word' id='word_1_18' title='bbox 638 666 732 749; x_wconf 87' lang='lat' dir='ltr'>Hoc</span> <span class='ocrx_word' id='word_1_19' title='bbox 747 683 807 746; x_wconf 88' lang='lat' dir='ltr'>est</span> <span class='ocrx_word' id='word_1_20' title='bbox 827 663 843 773; x_wconf 95' lang='lat'>(</span> <span class='ocrx_word' id='word_1_21' title='bbox 875 663 1028 777; x_wconf 90' lang='lat'><strong>5184</strong></span> <span class='ocrx_word' id='word_1_22' title='bbox 1057 663 1074 775; x_wconf 92' lang='lat'>)</span> <span class='ocrx_word' id='word_1_23' title='bbox 1091 666 1200 771; x_wconf 92' lang='lat' dir='ltr'>quod</span> <span class='ocrx_word' id='word_1_24' title='bbox 1220 667 1253 747; x_wconf 92' lang='lat' dir='ltr'>si</span> <span class='ocrx_word' id='word_1_25' title='bbox 1270 667 1414 750; x_wconf 83' lang='lat' dir='ltr'>erescit</span> <span class='ocrx_word' id='word_1_26' title='bbox 1432 727 1445 771; x_wconf 89' lang='lat'>,</span> <span class='ocrx_word' id='word_1_27' title='bbox 1463 685 1533 750; x_wconf 90' lang='lat' dir='ltr'>aut</span> 
     </span>
     <span class='ocr_line' id='line_1_4' title="bbox 249 782 1534 897; baseline -0.001 -28"><span class='ocrx_word' id='word_1_28' title='bbox 249 787 445 869; x_wconf 86' lang='lat' dir='ltr'>decrescit</span> <span class='ocrx_word' id='word_1_29' title='bbox 458 783 634 867; x_wconf 86' lang='lat' dir='ltr'>secunda</span> <span class='ocrx_word' id='word_1_30' title='bbox 649 783 849 889; x_wconf 85' lang='lat' dir='ltr'><strong>quantitas</strong></span> <span class='ocrx_word' id='word_1_31' title='bbox 861 785 1112 897; x_wconf 83' lang='lat' dir='ltr'>homogenea</span> <span class='ocrx_word' id='word_1_32' title='bbox 1126 782 1309 886; x_wconf 66' lang='lat' dir='ltr'>respetffiu</span> <span class='ocrx_word' id='word_1_33' title='bbox 1326 785 1476 889; x_wconf 77' lang='lat' dir='ltr'>prima,</span> <span class='ocrx_word' id='word_1_34' title='bbox 1494 785 1534 868; x_wconf 91' lang='lat' dir='ltr'>in</span> 
     </span>
     <span class='ocr_line' id='line_1_5' title="bbox 250 899 1534 1006; baseline -0.001 -20"><span class='ocrx_word' id='word_1_35' title='bbox 250 903 389 986; x_wconf 87' lang='lat' dir='ltr'>eadem</span> <span class='ocrx_word' id='word_1_36' title='bbox 418 905 573 986; x_wconf 88' lang='lat' dir='ltr'>ratione</span> <span class='ocrx_word' id='word_1_37' title='bbox 596 899 717 982; x_wconf 88' lang='lat' dir='ltr'>debet</span> <span class='ocrx_word' id='word_1_38' title='bbox 736 924 950 1004; x_wconf 83' lang='lat' dir='ltr'>creseere,</span> <span class='ocrx_word' id='word_1_39' title='bbox 977 920 1046 983; x_wconf 86' lang='lat' dir='ltr'>aut</span> <span class='ocrx_word' id='word_1_40' title='bbox 1065 899 1297 983; x_wconf 85' lang='lat' dir='ltr'>decrescere</span> <span class='ocrx_word' id='word_1_41' title='bbox 1336 905 1534 1006; x_wconf 81' lang='lat' dir='ltr'>quantitas</span> 
     </span>
     <span class='ocr_line' id='line_1_6' title="bbox 248 1016 1532 1130; baseline -0.001 -27"><span class='ocrx_word' id='word_1_42' title='bbox 248 1020 419 1103; x_wconf 80' lang='lat' dir='ltr'>relativa</span> <span class='ocrx_word' id='word_1_43' title='bbox 437 1020 489 1104; x_wconf 88' lang='lat' dir='ltr'>ad</span> <span class='ocrx_word' id='word_1_44' title='bbox 509 1022 727 1102; x_wconf 87' lang='lat' dir='ltr'>secundam</span> <span class='ocrx_word' id='word_1_45' title='bbox 745 1019 1034 1130; x_wconf 86' lang='lat' dir='ltr'>homogeneam</span> <span class='ocrx_word' id='word_1_46' title='bbox 1062 1018 1242 1121; x_wconf 67' lang='lat' dir='ltr'>respebiu</span> <span class='ocrx_word' id='word_1_47' title='bbox 1268 1016 1447 1101; x_wconf 77' lang='lat' dir='ltr'>relativa</span> <span class='ocrx_word' id='word_1_48' title='bbox 1479 1021 1532 1102; x_wconf 90' lang='lat' dir='ltr'>ad</span> 
     </span>
     <span class='ocr_line' id='line_1_7' title="bbox 248 1134 1660 1248; baseline 0 -30"><span class='ocrx_word' id='word_1_49' title='bbox 248 1138 449 1246; x_wconf 78' lang='lat' dir='ltr'>primam3</span> <span class='ocrx_word' id='word_1_50' title='bbox 470 1166 551 1246; x_wconf 94' lang='lat' dir='ltr'>quo</span> <span class='ocrx_word' id='word_1_51' title='bbox 570 1139 611 1219; x_wconf 95' lang='lat' dir='ltr'>in</span> <span class='ocrx_word' id='word_1_52' title='bbox 645 1163 743 1220; x_wconf 88' lang='lat' dir='ltr'>casu</span> <span class='ocrx_word' id='word_1_53' title='bbox 778 1134 982 1248; x_wconf 88' lang='lat' dir='ltr'>incognita</span> <span class='ocrx_word' id='word_1_54' title='bbox 1016 1134 1173 1217; x_wconf 89' lang='lat' dir='ltr'>locatur</span> <span class='ocrx_word' id='word_1_55' title='bbox 1203 1138 1243 1216; x_wconf 93' lang='lat' dir='ltr'>in</span> <span class='ocrx_word' id='word_1_56' title='bbox 1274 1137 1391 1218; x_wconf 88' lang='lat' dir='ltr'>tertio</span> <span class='ocrx_word' id='word_1_57' title='bbox 1424 1135 1530 1243; x_wconf 82' lang='lat' dir='ltr'>loco,</span> <span class='ocrx_word' id='word_1_58' title='bbox 1656 1228 1660 1234; x_wconf 48' lang='lat'>‚</span> 
     </span>
     <span class='ocr_line' id='line_1_8' title="bbox 246 1248 1531 1360; baseline 0.002 -24"><span class='ocrx_word' id='word_1_59' title='bbox 246 1279 298 1336; x_wconf 84' lang='lat' dir='ltr'>ac</span> <span class='ocrx_word' id='word_1_60' title='bbox 329 1251 859 1339; x_wconf 82' lang='lat' dir='ltr'>determinatur-dividendo</span> <span class='ocrx_word' id='word_1_61' title='bbox 885 1248 1124 1356; x_wconf 67' lang='lat' dir='ltr'>produbium</span> <span class='ocrx_word' id='word_1_62' title='bbox 1156 1268 1421 1338; x_wconf 84' lang='lat' dir='ltr'>extremorum</span> <span class='ocrx_word' id='word_1_63' title='bbox 1454 1281 1531 1360; x_wconf 86' lang='lat' dir='ltr'>per</span> 
     </span>
     <span class='ocr_line' id='line_1_9' title="bbox 248 1368 1111 1485; baseline -0.009 -27"><span class='ocrx_word' id='word_1_64' title='bbox 248 1373 466 1458; x_wconf 82' lang='lat' dir='ltr'>secundum</span> <span class='ocrx_word' id='word_1_65' title='bbox 486 1374 694 1456; x_wconf 87' lang='lat' dir='ltr'>terminum</span> <span class='ocrx_word' id='word_1_66' title='bbox 720 1370 739 1479; x_wconf 91' lang='lat'>(.</span> <span class='ocrx_word' id='word_1_67' title='bbox 766 1368 811 1485; x_wconf 92' lang='lat'>5.</span> <span class='ocrx_word' id='word_1_68' title='bbox 834 1391 920 1478; x_wconf 79' lang='lat'>217</span> <span class='ocrx_word' id='word_1_69' title='bbox 950 1369 987 1480; x_wconf 92' lang='lat'>).</span> <span class='ocrx_word' id='word_1_70' title='bbox 1108 1389 1111 1393; x_wconf 88' lang='grc'><strong><em>·</em></strong></span> 
     </span>
     <span class='ocr_line' id='line_1_10' title="bbox 255 1481 1533 1602; baseline 0.002 -32"><span class='ocrx_word' id='word_1_71' title='bbox 255 1577 262 1588; x_wconf 53' lang='lat'>‚</span> <span class='ocrx_word' id='word_1_72' title='bbox 309 1513 397 1597; x_wconf 82' lang='lat'>234</span> <span class='ocrx_word' id='word_1_73' title='bbox 454 1487 565 1568; x_wconf 86' lang='lat' dir='ltr'>Dum</span> <span class='ocrx_word' id='word_1_74' title='bbox 590 1490 732 1570; x_wconf 90' lang='lat' dir='ltr'>mediis</span> <span class='ocrx_word' id='word_1_75' title='bbox 748 1485 875 1592; x_wconf 86' lang='lat' dir='ltr'>tribus</span> <span class='ocrx_word' id='word_1_76' title='bbox 901 1481 1062 1570; x_wconf 51' lang='lat' dir='ltr'>tantum*</span> <span class='ocrx_word' id='word_1_77' title='bbox 1080 1482 1365 1591; x_wconf 85' lang='lat' dir='ltr'>quantitatibus</span> <span class='ocrx_word' id='word_1_78' title='bbox 1390 1492 1533 1602; x_wconf 84' lang='lat' dir='ltr'>cogni-</span> 
     </span>
     <span class='ocr_line' id='line_1_11' title="bbox 244 1602 1630 1718; baseline 0.003 -34"><span class='ocrx_word' id='word_1_79' title='bbox 244 1604 326 1708; x_wconf 75' lang='lat' dir='ltr'>tis,</span> <span class='ocrx_word' id='word_1_80' title='bbox 351 1605 543 1712; x_wconf 79' lang='lat' dir='ltr'>quaeritur</span> <span class='ocrx_word' id='word_1_81' title='bbox 575 1623 716 1710; x_wconf 86' lang='lat' dir='ltr'>quarta</span> <span class='ocrx_word' id='word_1_82' title='bbox 741 1604 794 1687; x_wconf 86' lang='lat' dir='ltr'>ad</span> <span class='ocrx_word' id='word_1_83' title='bbox 822 1602 1104 1718; x_wconf 71' lang='lat' dir='ltr'>complendam</span> <span class='ocrx_word' id='word_1_84' title='bbox 1123 1605 1442 1710; x_wconf 84' lang='lat' dir='ltr'>proportionem,</span> <span class='ocrx_word' id='word_1_85' title='bbox 1464 1633 1531 1688; x_wconf 86' lang='lat' dir='ltr'>re·</span> <span class='ocrx_word' id='word_1_86' title='bbox 1626 1634 1630 1650; x_wconf 41' lang='lat' dir='ltr'>J</span> 
     </span>
    </p>

    <p class='ocr_par' dir='ltr' id='par_1_4' title="bbox 182 1722 1532 1831">
     <span class='ocr_line' id='line_1_12' title="bbox 182 1722 1532 1831; baseline 0.008 -31"><span class='ocrx_word' id='word_1_87' title='bbox 182 1792 187 1800; x_wconf 93' lang='grc'><em>,</em></span> <span class='ocrx_word' id='word_1_88' title='bbox 245 1722 342 1831; x_wconf 85' lang='lat' dir='ltr'>gula</span> <span class='ocrx_word' id='word_1_89' title='bbox 368 1724 487 1804; x_wconf 88' lang='lat' dir='ltr'>trium</span> <span class='ocrx_word' id='word_1_90' title='bbox 516 1738 577 1803; x_wconf 90' lang='lat' dir='ltr'>est</span> <span class='ocrx_word' id='word_1_91' title='bbox 608 1725 810 1823; x_wconf 67' lang='lat' dir='ltr'>simplexq</span> <span class='ocrx_word' id='word_1_92' title='bbox 836 1741 894 1800; x_wconf 93' lang='lat' dir='ltr'>est</span> <span class='ocrx_word' id='word_1_93' title='bbox 919 1739 1052 1803; x_wconf 87' lang='lat' dir='ltr'>autem</span> <span class='ocrx_word' id='word_1_94' title='bbox 1083 1727 1322 1826; x_wconf 61' lang='lat' dir='ltr'>composita5</span> <span class='ocrx_word' id='word_1_95' title='bbox 1349 1723 1443 1806; x_wconf 89' lang='lat' dir='ltr'>dum</span> <span class='ocrx_word' id='word_1_96' title='bbox 1478 1725 1532 1810; x_wconf 85' lang='lat' dir='ltr'>ad</span> 
     </span>
    </p>

    <p class='ocr_par' dir='ltr' id='par_1_5' title="bbox 236 1834 1630 3359">
     <span class='ocr_line' id='line_1_13' title="bbox 245 1834 1530 1949; baseline 0.009 -34"><span class='ocrx_word' id='word_1_97' title='bbox 245 1836 488 1949; x_wconf 86' lang='lat' dir='ltr'>incognitam</span> <span class='ocrx_word' id='word_1_98' title='bbox 512 1834 817 1938; x_wconf 84' lang='lat' dir='ltr'>inveniendam,</span> <span class='ocrx_word' id='word_1_99' title='bbox 832 1835 1042 1944; x_wconf 87' lang='lat' dir='ltr'>plusquam</span> <span class='ocrx_word' id='word_1_100' title='bbox 1060 1854 1140 1918; x_wconf 85' lang='lat' dir='ltr'>tres</span> <span class='ocrx_word' id='word_1_101' title='bbox 1172 1836 1316 1923; x_wconf 87' lang='lat' dir='ltr'>dantur</span> <span class='ocrx_word' id='word_1_102' title='bbox 1333 1843 1530 1946; x_wconf 88' lang='lat' dir='ltr'>quantita·</span> 
     </span>
     <span class='ocr_line' id='line_1_14' title="bbox 247 1947 846 2057; baseline 0.003 -27"><span class='ocrx_word' id='word_1_103' title='bbox 247 1966 320 2040; x_wconf 82' lang='lat' dir='ltr'>tes.</span> <span class='ocrx_word' id='word_1_104' title='bbox 344 1953 439 2034; x_wconf 92' lang='lat' dir='ltr'>Hoc</span> <span class='ocrx_word' id='word_1_105' title='bbox 459 1954 652 2057; x_wconf 81' lang='lat' dir='ltr'>exemplis</span> <span class='ocrx_word' id='word_1_106' title='bbox 671 1947 846 2056; x_wconf 76' lang='lat' dir='ltr'>patefiet.</span> 
     </span>
     <span class='ocr_line' id='line_1_15' title="bbox 256 2070 1630 2181; baseline 0.009 -34"><span class='ocrx_word' id='word_1_107' title='bbox 256 2071 261 2078; x_wconf 80' lang='grc'><strong>’</strong></span> <span class='ocrx_word' id='word_1_108' title='bbox 308 2093 390 2176; x_wconf 96' lang='grc'>235</span> <span class='ocrx_word' id='word_1_109' title='bbox 454 2092 511 2172; x_wconf 88' lang='grc'>50</span> <span class='ocrx_word' id='word_1_110' title='bbox 532 2071 706 2174; x_wconf 89' lang='lat' dir='ltr'>operarii</span> <span class='ocrx_word' id='word_1_111' title='bbox 726 2070 1029 2152; x_wconf 86' lang='lat' dir='ltr'>excavationem</span> <span class='ocrx_word' id='word_1_112' title='bbox 1066 2093 1151 2181; x_wconf 94' lang='grc'>350</span> <span class='ocrx_word' id='word_1_113' title='bbox 1181 2071 1261 2156; x_wconf 89' lang='grc'>010.</span> <span class='ocrx_word' id='word_1_114' title='bbox 1286 2091 1396 2156; x_wconf 89' lang='lat' dir='ltr'>certo</span> <span class='ocrx_word' id='word_1_115' title='bbox 1425 2093 1529 2158; x_wconf 85' lang='lat' dir='ltr'>tem·</span> <span class='ocrx_word' id='word_1_116' title='bbox 1625 2141 1630 2150; x_wconf 49' lang='lat'><strong>.</strong></span> 
     </span>
     <span class='ocr_line' id='line_1_16' title="bbox 242 2183 1528 2296; baseline 0.01 -32"><span class='ocrx_word' id='word_1_117' title='bbox 242 2207 341 2287; x_wconf 88' lang='lat' dir='ltr'>pore</span> <span class='ocrx_word' id='word_1_118' title='bbox 360 2183 525 2268; x_wconf 87' lang='lat' dir='ltr'>faciunt.</span> <span class='ocrx_word' id='word_1_119' title='bbox 544 2185 750 2291; x_wconf 79' lang='lat' dir='ltr'>Quaeritur</span> <span class='ocrx_word' id='word_1_120' title='bbox 769 2207 866 2290; x_wconf 91' lang='lat' dir='ltr'>quot</span> <span class='ocrx_word' id='word_1_121' title='bbox 888 2186 1004 2270; x_wconf 91' lang='lat' dir='ltr'>ulnas</span> <span class='ocrx_word' id='word_1_122' title='bbox 1029 2215 1083 2296; x_wconf 82' lang='lat'>32</span> <span class='ocrx_word' id='word_1_123' title='bbox 1115 2192 1289 2294; x_wconf 88' lang='lat' dir='ltr'>operarii</span> <span class='ocrx_word' id='word_1_124' title='bbox 1324 2193 1364 2272; x_wconf 92' lang='lat' dir='ltr'>in</span> <span class='ocrx_word' id='word_1_125' title='bbox 1386 2193 1528 2277; x_wconf 89' lang='lat' dir='ltr'>eodem</span> 
     </span>
     <span class='ocr_line' id='line_1_17' title="bbox 242 2300 1527 2420; baseline 0.01 -39"><span class='ocrx_word' id='word_1_126' title='bbox 242 2317 422 2403; x_wconf 86' lang='lat' dir='ltr'>tempore</span> <span class='ocrx_word' id='word_1_127' title='bbox 445 2301 679 2408; x_wconf 72' lang='lat' dir='ltr'>perficienti</span> <span class='ocrx_word' id='word_1_128' title='bbox 699 2300 784 2385; x_wconf 89' lang='lat' dir='ltr'>Sol.</span> <span class='ocrx_word' id='word_1_129' title='bbox 807 2303 991 2420; x_wconf 86' lang='lat' dir='ltr'>Cognitis</span> <span class='ocrx_word' id='word_1_130' title='bbox 1010 2305 1295 2412; x_wconf 89' lang='lat' dir='ltr'>quantitatibus</span> <span class='ocrx_word' id='word_1_131' title='bbox 1326 2310 1527 2419; x_wconf 71' lang='lat' dir='ltr'>selativis,</span> 
     </span>
     <span class='ocr_line' id='line_1_18' title="bbox 244 2418 1528 2535; baseline 0.014 -40"><span class='ocrx_word' id='word_1_132' title='bbox 244 2440 399 2499; x_wconf 88' lang='lat' dir='ltr'>necnon</span> <span class='ocrx_word' id='word_1_133' title='bbox 433 2419 475 2501; x_wconf 76' lang='lat' dir='ltr'>bt</span> <span class='ocrx_word' id='word_1_134' title='bbox 505 2420 763 2534; x_wconf 83' lang='lat' dir='ltr'>homogeneis</span> <span class='ocrx_word' id='word_1_135' title='bbox 791 2418 807 2529; x_wconf 95' lang='lat'>(</span> <span class='ocrx_word' id='word_1_136' title='bbox 839 2419 881 2535; x_wconf 93' lang='grc'>5.</span> <span class='ocrx_word' id='word_1_137' title='bbox 902 2448 986 2531; x_wconf 93' lang='grc'>232</span> <span class='ocrx_word' id='word_1_138' title='bbox 1018 2419 1105 2531; x_wconf 90' lang='lat' dir='ltr'>)ac</span> <span class='ocrx_word' id='word_1_139' title='bbox 1145 2423 1350 2508; x_wconf 86' lang='lat' dir='ltr'>efformata</span> <span class='ocrx_word' id='word_1_140' title='bbox 1385 2454 1434 2509; x_wconf 91' lang='lat' dir='ltr'>ex</span> <span class='ocrx_word' id='word_1_141' title='bbox 1466 2431 1528 2514; x_wconf 88' lang='lat' dir='ltr'>his</span> 
     </span>
     <span class='ocr_line' id='line_1_19' title="bbox 246 2531 1531 2650; baseline 0.015 -37"><span class='ocrx_word' id='word_1_142' title='bbox 246 2531 402 2617; x_wconf 90' lang='lat' dir='ltr'>duabus</span> <span class='ocrx_word' id='word_1_143' title='bbox 424 2536 441 2645; x_wconf 89' lang='lat'>(</span> <span class='ocrx_word' id='word_1_144' title='bbox 471 2535 513 2650; x_wconf 93' lang='lat'>5.</span> <span class='ocrx_word' id='word_1_145' title='bbox 536 2564 619 2647; x_wconf 82' lang='lat'>233</span> <span class='ocrx_word' id='word_1_146' title='bbox 651 2537 838 2646; x_wconf 87' lang='lat' dir='ltr'>)ratione</span> <span class='ocrx_word' id='word_1_147' title='bbox 860 2560 942 2643; x_wconf 87' lang='lat'>50:</span> <span class='ocrx_word' id='word_1_148' title='bbox 971 2564 1054 2646; x_wconf 88' lang='grc'>32,</span> <span class='ocrx_word' id='word_1_149' title='bbox 1073 2542 1259 2644; x_wconf 90' lang='lat' dir='ltr'>quoniam</span> <span class='ocrx_word' id='word_1_150' title='bbox 1285 2548 1451 2646; x_wconf 83' lang='lat' dir='ltr'>quaestio</span> <span class='ocrx_word' id='word_1_151' title='bbox 1471 2566 1531 2631; x_wconf 86' lang='lat' dir='ltr'>ta·-</span> 
     </span>
     <span class='ocr_line' id='line_1_20' title="bbox 240 2648 1526 2769; baseline 0.005 -32"><span class='ocrx_word' id='word_1_152' title='bbox 240 2648 295 2737; x_wconf 90' lang='lat' dir='ltr'>lis</span> <span class='ocrx_word' id='word_1_153' title='bbox 315 2671 375 2734; x_wconf 86' lang='lat' dir='ltr'>est</span> <span class='ocrx_word' id='word_1_154' title='bbox 394 2654 570 2762; x_wconf 86' lang='lat' dir='ltr'>indolis,</span> <span class='ocrx_word' id='word_1_155' title='bbox 593 2654 703 2760; x_wconf 92' lang='lat' dir='ltr'>quod</span> <span class='ocrx_word' id='word_1_156' title='bbox 720 2656 760 2735; x_wconf 90' lang='lat' dir='ltr'>in</span> <span class='ocrx_word' id='word_1_157' title='bbox 781 2654 923 2736; x_wconf 88' lang='lat' dir='ltr'>eadem</span> <span class='ocrx_word' id='word_1_158' title='bbox 943 2654 1098 2735; x_wconf 88' lang='lat' dir='ltr'>ratione</span> <span class='ocrx_word' id='word_1_159' title='bbox 1118 2684 1227 2761; x_wconf 84' lang='lat' dir='ltr'>,qua</span> <span class='ocrx_word' id='word_1_160' title='bbox 1250 2680 1305 2762; x_wconf 84' lang='grc'>50</span> <span class='ocrx_word' id='word_1_161' title='bbox 1324 2660 1450 2769; x_wconf 83' lang='lat' dir='ltr'>major</span> <span class='ocrx_word' id='word_1_162' title='bbox 1466 2683 1526 2745; x_wconf 89' lang='lat' dir='ltr'>est</span> 
     </span>
     <span class='ocr_line' id='line_1_21' title="bbox 239 2770 1526 2885; baseline 0.007 -34"><span class='ocrx_word' id='word_1_163' title='bbox 239 2779 327 2875; x_wconf 80' lang='lat'>32,</span> <span class='ocrx_word' id='word_1_164' title='bbox 346 2772 468 2853; x_wconf 88' lang='lat' dir='ltr'>etiam</span> <span class='ocrx_word' id='word_1_165' title='bbox 487 2794 575 2880; x_wconf 91' lang='grc'>350</span> <span class='ocrx_word' id='word_1_166' title='bbox 592 2770 703 2873; x_wconf 87' lang='lat' dir='ltr'>uln.,</span> <span class='ocrx_word' id='word_1_167' title='bbox 723 2796 812 2876; x_wconf 73' lang='lat' dir='ltr'>quae</span> <span class='ocrx_word' id='word_1_168' title='bbox 843 2789 903 2851; x_wconf 73' lang='lat' dir='ltr'>‘est</span> <span class='ocrx_word' id='word_1_169' title='bbox 932 2770 1132 2874; x_wconf 89' lang='lat' dir='ltr'>quantitas</span> <span class='ocrx_word' id='word_1_170' title='bbox 1164 2772 1336 2855; x_wconf 87' lang='lat' dir='ltr'>relativa</span> <span class='ocrx_word' id='word_1_171' title='bbox 1364 2776 1419 2857; x_wconf 87' lang='lat' dir='ltr'>ad</span> <span class='ocrx_word' id='word_1_172' title='bbox 1456 2801 1526 2885; x_wconf 86' lang='lat'>50,</span> 
     </span>
     <span class='ocr_line' id='line_1_22' title="bbox 236 2882 1526 2999; baseline 0.005 -26"><span class='ocrx_word' id='word_1_173' title='bbox 236 2882 362 2973; x_wconf 89' lang='lat' dir='ltr'>debet</span> <span class='ocrx_word' id='word_1_174' title='bbox 385 2912 472 2969; x_wconf 89' lang='lat' dir='ltr'>esse</span> <span class='ocrx_word' id='word_1_175' title='bbox 496 2886 624 2998; x_wconf 89' lang='lat' dir='ltr'>major</span> <span class='ocrx_word' id='word_1_176' title='bbox 655 2890 875 2997; x_wconf 87' lang='lat' dir='ltr'>quantitate</span> <span class='ocrx_word' id='word_1_177' title='bbox 903 2887 1073 2969; x_wconf 88' lang='lat' dir='ltr'>relativa</span> <span class='ocrx_word' id='word_1_178' title='bbox 1100 2887 1155 2971; x_wconf 89' lang='lat' dir='ltr'>ad</span> <span class='ocrx_word' id='word_1_179' title='bbox 1177 2916 1232 2997; x_wconf 90' lang='grc'>32</span> <span class='ocrx_word' id='word_1_180' title='bbox 1253 2887 1357 2999; x_wconf 84' lang='lat' dir='ltr'>(quae</span> <span class='ocrx_word' id='word_1_181' title='bbox 1385 2919 1526 2999; x_wconf 87' lang='lat' dir='ltr'>nempe</span> 
     </span>
     <span class='ocr_line' id='line_1_23' title="bbox 236 3002 1525 3117; baseline 0.007 -30"><span class='ocrx_word' id='word_1_182' title='bbox 236 3004 476 3113; x_wconf 77' lang='lat' dir='ltr'>quaritur),</span> <span class='ocrx_word' id='word_1_183' title='bbox 494 3032 543 3088; x_wconf 83' lang='lat' dir='ltr'>ex</span> <span class='ocrx_word' id='word_1_184' title='bbox 565 3032 614 3089; x_wconf 92' lang='lat' dir='ltr'>eo</span> <span class='ocrx_word' id='word_1_185' title='bbox 632 3004 743 3114; x_wconf 91' lang='lat' dir='ltr'>quod</span> <span class='ocrx_word' id='word_1_186' title='bbox 758 3007 793 3087; x_wconf 93' lang='lat' dir='ltr'>si</span> <span class='ocrx_word' id='word_1_187' title='bbox 814 3027 871 3110; x_wconf 84' lang='lat'>50</span> <span class='ocrx_word' id='word_1_188' title='bbox 886 3005 1062 3107; x_wconf 86' lang='lat' dir='ltr'>operarii</span> <span class='ocrx_word' id='word_1_189' title='bbox 1077 3002 1229 3091; x_wconf 84' lang='lat' dir='ltr'>faciunt</span> <span class='ocrx_word' id='word_1_190' title='bbox 1247 3030 1332 3117; x_wconf 89' lang='grc'>350</span> <span class='ocrx_word' id='word_1_191' title='bbox 1348 3010 1429 3093; x_wconf 92' lang='grc'>010.</span> <span class='ocrx_word' id='word_1_192' title='bbox 1441 3072 1454 3116; x_wconf 95' lang='grc'>,</span> <span class='ocrx_word' id='word_1_193' title='bbox 1467 3012 1525 3097; x_wconf 87' lang='lat' dir='ltr'>fa·-</span> 
     </span>
     <span class='ocr_line' id='line_1_24' title="bbox 236 3121 1524 3233; baseline 0.009 -31"><span class='ocrx_word' id='word_1_194' title='bbox 236 3121 348 3203; x_wconf 83' lang='lat' dir='ltr'>eient</span> <span class='ocrx_word' id='word_1_195' title='bbox 362 3122 490 3206; x_wconf 85' lang='lat' dir='ltr'>minus</span> <span class='ocrx_word' id='word_1_196' title='bbox 506 3126 545 3205; x_wconf 91' lang='lat' dir='ltr'>in</span> <span class='ocrx_word' id='word_1_197' title='bbox 565 3124 706 3208; x_wconf 85' lang='lat' dir='ltr'>eadem</span> <span class='ocrx_word' id='word_1_198' title='bbox 719 3126 900 3227; x_wconf 84' lang='lat' dir='ltr'>ratione,</span> <span class='ocrx_word' id='word_1_199' title='bbox 914 3149 994 3229; x_wconf 86' lang='lat' dir='ltr'>qua</span> <span class='ocrx_word' id='word_1_200' title='bbox 1018 3130 1072 3232; x_wconf 78' lang='grc'>32</span> <span class='ocrx_word' id='word_1_201' title='bbox 1096 3125 1222 3207; x_wconf 86' lang='lat' dir='ltr'>minor</span> <span class='ocrx_word' id='word_1_202' title='bbox 1239 3147 1297 3207; x_wconf 88' lang='lat' dir='ltr'>est</span> <span class='ocrx_word' id='word_1_203' title='bbox 1313 3150 1369 3232; x_wconf 84' lang='lat'>50</span> <span class='ocrx_word' id='word_1_204' title='bbox 1387 3189 1400 3233; x_wconf 89' lang='lat'>,</span> <span class='ocrx_word' id='word_1_205' title='bbox 1416 3130 1524 3214; x_wconf 89' lang='lat' dir='ltr'>dice-</span> 
     </span>
     <span class='ocr_line' id='line_1_25' title="bbox 239 3240 1522 3359; baseline 0.011 -45"><span class='ocrx_word' id='word_1_206' title='bbox 239 3258 330 3318; x_wconf 90' lang='lat' dir='ltr'>mus</span> <span class='ocrx_word' id='word_1_207' title='bbox 344 3240 456 3342; x_wconf 92' lang='lat' dir='ltr'>quod</span> <span class='ocrx_word' id='word_1_208' title='bbox 471 3242 610 3357; x_wconf 84' lang='lat' dir='ltr'>regula</span> <span class='ocrx_word' id='word_1_209' title='bbox 622 3262 680 3325; x_wconf 88' lang='lat' dir='ltr'>est</span> <span class='ocrx_word' id='word_1_210' title='bbox 699 3240 1085 3347; x_wconf 67' lang='lat' dir='ltr'>direbta‚simulque</span> <span class='ocrx_word' id='word_1_211' title='bbox 1097 3241 1295 3351; x_wconf 84' lang='lat' dir='ltr'>simplex(</span> <span class='ocrx_word' id='word_1_212' title='bbox 1326 3242 1468 3357; x_wconf 88' lang='grc'>5234</span> <span class='ocrx_word' id='word_1_213' title='bbox 1493 3247 1522 3359; x_wconf 92' lang='grc'>).</span> 
     </span>
    </p>
   </div>
   <div class='ocr_carea' id='block_1_3' title="bbox 239 3406 1523 3555">
    <p class='ocr_par' dir='ltr' id='par_1_6' title="bbox 239 3406 1523 3555">
     <span class='ocr_line' id='line_1_26' title="bbox 239 3406 1523 3555; baseline 0.033 -66"><span class='ocrx_word' id='word_1_214' title='bbox 239 3411 394 3490; x_wconf 85' lang='lat' dir='ltr'>idcirco</span> <span class='ocrx_word' id='word_1_215' title='bbox 416 3417 584 3498; x_wconf 89' lang='lat' dir='ltr'>dicemus</span> <span class='ocrx_word' id='word_1_216' title='bbox 607 3417 755 3529; x_wconf 82' lang='lat'><strong>(233·</strong></span> <span class='ocrx_word' id='word_1_217' title='bbox 783 3406 867 3527; x_wconf 80' lang='lat'>1·⁰)</span> <span class='ocrx_word' id='word_1_218' title='bbox 892 3441 967 3516; x_wconf 76' lang='lat'>5⁰²</span> <span class='ocrx_word' id='word_1_219' title='bbox 995 3444 1054 3521; x_wconf 82' lang='lat'>32</span> <span class='ocrx_word' id='word_1_220' title='bbox 1081 3448 1120 3497; x_wconf 77' lang='lat'>²²</span> <span class='ocrx_word' id='word_1_221' title='bbox 1148 3443 1266 3523; x_wconf 74' lang='lat'>350²</span> <span class='ocrx_word' id='word_1_222' title='bbox 1293 3412 1523 3555; x_wconf 43' lang='grc' dir='ltr'>(θ’-’Ἢ</span> 
     </span>
    </p>
   </div>
   <div class='ocr_carea' id='block_1_4' title="bbox 204 3581 1648 4402">
    <p class='ocr_par' dir='ltr' id='par_1_7' title="bbox 204 3581 1648 4402">
     <span class='ocr_line' id='line_1_27' title="bbox 239 3581 1489 3695; baseline 0.01 -32"><span class='ocrx_word' id='word_1_223' title='bbox 239 3606 304 3663; x_wconf 82' lang='lat'>=</span> <span class='ocrx_word' id='word_1_224' title='bbox 319 3601 408 3691; x_wconf 88' lang='grc'>224</span> <span class='ocrx_word' id='word_1_225' title='bbox 429 3581 537 3692; x_wconf 81' lang='grc'>010,</span> <span class='ocrx_word' id='word_1_226' title='bbox 560 3586 701 3693; x_wconf 81' lang='lat' dir='ltr'>haeque</span> <span class='ocrx_word' id='word_1_227' title='bbox 720 3601 856 3689; x_wconf 77' lang='lat' dir='ltr'>esunt,</span> <span class='ocrx_word' id='word_1_228' title='bbox 877 3612 977 3690; x_wconf 88' lang='lat' dir='ltr'>quas</span> <span class='ocrx_word' id='word_1_229' title='bbox 998 3612 1052 3695; x_wconf 89' lang='grc'>32</span> <span class='ocrx_word' id='word_1_230' title='bbox 1082 3589 1254 3691; x_wconf 83' lang='lat' dir='ltr'>operarii</span> <span class='ocrx_word' id='word_1_231' title='bbox 1274 3589 1489 3695; x_wconf 84' lang='lat' dir='ltr'>perficient.</span> 
     </span>
     <span class='ocr_line' id='line_1_28' title="bbox 298 3698 1517 3819; baseline 0.011 -38"><span class='ocrx_word' id='word_1_232' title='bbox 298 3698 387 3811; x_wconf 85' lang='grc'>236</span> <span class='ocrx_word' id='word_1_233' title='bbox 446 3700 520 3784; x_wconf 84' lang='lat' dir='ltr'>Ex.</span> <span class='ocrx_word' id='word_1_234' title='bbox 541 3729 579 3783; x_wconf 91' lang='grc'>2.</span> <span class='ocrx_word' id='word_1_235' title='bbox 598 3704 643 3784; x_wconf 90' lang='grc'>10</span> <span class='ocrx_word' id='word_1_236' title='bbox 662 3729 756 3785; x_wconf 87' lang='lat' dir='ltr'>arce</span> <span class='ocrx_word' id='word_1_237' title='bbox 775 3700 949 3809; x_wconf 87' lang='lat' dir='ltr'>quodam</span> <span class='ocrx_word' id='word_1_238' title='bbox 970 3706 1157 3786; x_wconf 86' lang='lat' dir='ltr'>alimenta</span> <span class='ocrx_word' id='word_1_239' title='bbox 1181 3726 1270 3790; x_wconf 89' lang='lat' dir='ltr'>sunt</span> <span class='ocrx_word' id='word_1_240' title='bbox 1296 3737 1370 3813; x_wconf 84' lang='lat' dir='ltr'>pro</span> <span class='ocrx_word' id='word_1_241' title='bbox 1403 3734 1517 3819; x_wconf 87' lang='lat'><strong>3000</strong></span> 
     </span>
     <span class='ocr_line' id='line_1_29' title="bbox 204 3817 1520 3934; baseline 0.014 -41"><span class='ocrx_word' id='word_1_242' title='bbox 204 3829 207 3833; x_wconf 82' lang='grc'><strong>’</strong></span> <span class='ocrx_word' id='word_1_243' title='bbox 239 3817 431 3901; x_wconf 89' lang='lat' dir='ltr'>militibus</span> <span class='ocrx_word' id='word_1_244' title='bbox 449 3880 463 3925; x_wconf 89' lang='grc'>,</span> <span class='ocrx_word' id='word_1_245' title='bbox 481 3817 536 3902; x_wconf 92' lang='lat' dir='ltr'>ad</span> <span class='ocrx_word' id='word_1_246' title='bbox 552 3846 620 3909; x_wconf 84' lang='lat' dir='ltr'>sex</span> <span class='ocrx_word' id='word_1_247' title='bbox 640 3846 825 3903; x_wconf 87' lang='lat' dir='ltr'>menses:</span> <span class='ocrx_word' id='word_1_248' title='bbox 854 3839 1024 3934; x_wconf 86' lang='lat' dir='ltr'>augetur</span> <span class='ocrx_word' id='word_1_249' title='bbox 1055 3847 1239 3909; x_wconf 88' lang='lat' dir='ltr'>numerus</span> <span class='ocrx_word' id='word_1_250' title='bbox 1265 3827 1432 3909; x_wconf 89' lang='lat' dir='ltr'>militum</span> <span class='ocrx_word' id='word_1_251' title='bbox 1457 3857 1520 3913; x_wconf 88' lang='lat' dir='ltr'>us·</span> 
     </span>
     <span class='ocr_line' id='line_1_30' title="bbox 241 3935 1518 4045; baseline 0.017 -39"><span class='ocrx_word' id='word_1_252' title='bbox 241 3952 321 4028; x_wconf 90' lang='lat' dir='ltr'>que</span> <span class='ocrx_word' id='word_1_253' title='bbox 338 3936 391 4018; x_wconf 90' lang='lat' dir='ltr'>ad</span> <span class='ocrx_word' id='word_1_254' title='bbox 406 3935 536 4043; x_wconf 86' lang='grc'>4500.</span> <span class='ocrx_word' id='word_1_255' title='bbox 557 3938 761 4044; x_wconf 77' lang='lat' dir='ltr'>Quaeritur</span> <span class='ocrx_word' id='word_1_256' title='bbox 779 3937 953 4045; x_wconf 88' lang='lat' dir='ltr'>quandiu</span> <span class='ocrx_word' id='word_1_257' title='bbox 971 3938 1160 4023; x_wconf 89' lang='lat' dir='ltr'>alimenta</span> <span class='ocrx_word' id='word_1_258' title='bbox 1188 3939 1417 4025; x_wconf 74' lang='lat' dir='ltr'>durabunt</span> <span class='ocrx_word' id='word_1_259' title='bbox 1435 3942 1518 4028; x_wconf 88' lang='lat' dir='ltr'>Sol.</span> 
     </span>
     <span class='ocr_line' id='line_1_31' title="bbox 239 4038 1648 4165; baseline 0.019 -45"><span class='ocrx_word' id='word_1_260' title='bbox 239 4038 447 4134; x_wconf 86' lang='lat' dir='ltr'>Formetur</span> <span class='ocrx_word' id='word_1_261' title='bbox 473 4057 576 4140; x_wconf 86' lang='lat' dir='ltr'>ratio</span> <span class='ocrx_word' id='word_1_262' title='bbox 609 4081 747 4165; x_wconf 83' lang='lat'><strong>3000:</strong></span> <span class='ocrx_word' id='word_1_263' title='bbox 777 4078 924 4161; x_wconf 83' lang='lat'><strong>4500,</strong></span> <span class='ocrx_word' id='word_1_264' title='bbox 953 4056 994 4139; x_wconf 72' lang='lat' dir='ltr'>a</span> <span class='ocrx_word' id='word_1_265' title='bbox 1011 4059 1197 4162; x_wconf 86' lang='lat' dir='ltr'>quoniam</span> <span class='ocrx_word' id='word_1_266' title='bbox 1230 4062 1395 4163; x_wconf 87' lang='lat' dir='ltr'>quaestio</span> <span class='ocrx_word' id='word_1_267' title='bbox 1425 4064 1517 4145; x_wconf 91' lang='lat' dir='ltr'>talis</span> <span class='ocrx_word' id='word_1_268' title='bbox 1644 4102 1648 4109; x_wconf 92' lang='lat'>·</span> 
     </span>
     <span class='ocr_line' id='line_1_32' title="bbox 239 4167 1518 4286; baseline 0.015 -45"><span class='ocrx_word' id='word_1_269' title='bbox 239 4175 330 4264; x_wconf 81' lang='lat' dir='ltr'>est,</span> <span class='ocrx_word' id='word_1_270' title='bbox 347 4167 456 4266; x_wconf 88' lang='lat' dir='ltr'>quod</span> <span class='ocrx_word' id='word_1_271' title='bbox 474 4170 515 4251; x_wconf 89' lang='lat' dir='ltr'>in</span> <span class='ocrx_word' id='word_1_272' title='bbox 537 4173 678 4277; x_wconf 79' lang='lat' dir='ltr'>eadem</span> <span class='ocrx_word' id='word_1_273' title='bbox 704 4174 858 4260; x_wconf 85' lang='lat' dir='ltr'>ratione</span> <span class='ocrx_word' id='word_1_274' title='bbox 889 4200 970 4280; x_wconf 89' lang='lat' dir='ltr'>qua</span> <span class='ocrx_word' id='word_1_275' title='bbox 1003 4199 1118 4285; x_wconf 83' lang='grc'>3000</span> <span class='ocrx_word' id='word_1_276' title='bbox 1150 4176 1278 4257; x_wconf 90' lang='lat' dir='ltr'>minor</span> <span class='ocrx_word' id='word_1_277' title='bbox 1304 4195 1363 4261; x_wconf 89' lang='lat' dir='ltr'>est</span> <span class='ocrx_word' id='word_1_278' title='bbox 1386 4202 1518 4286; x_wconf 88' lang='grc'>4500,</span> 
     </span>
     <span class='ocr_line' id='line_1_33' title="bbox 1313 4323 1515 4402; baseline -0.01 -25"><span class='ocrx_word' id='word_1_279' title='bbox 1313 4339 1315 4345; x_wconf 34' lang='lat'><strong>¹</strong></span> <span class='ocrx_word' id='word_1_280' title='bbox 1393 4323 1515 4402; x_wconf 88' lang='lat' dir='ltr'>quan-</span> 
     </span>
    </p>
   </div>
   <div class='ocr_carea' id='block_1_5' title="bbox 0 0 1904 5050">
    <p class='ocr_par' dir='ltr' id='par_1_8' title="bbox 0 0 1904 5050">
     <span class='ocr_line' id='line_1_34' title="bbox 0 0 1904 5050; baseline 0 3"><span class='ocrx_word' id='word_1_281' title='bbox 0 0 1904 5050; x_wconf 95' lang='lat' dir='ltr'> </span> 
     </span>
    </p>
   </div>
  </div>
 </body>
</html>
