3800 5050
343 952 538 1063 ‘ungena
567 948 700 1059 (ras
665 844 862 1056 )=&c

452 1066 609 1155 Eodem
641 1064 760 1147 modo
791 1062 1072 1167 procedetur
1059 1098 1099 1151 rn
1124 1071 1301 1178 qualibet
1319 1076 1400 1160 alra
1421 1108 1579 1178 curva·
1598 1102 1666 1165 ac
1743 1100 1747 1108 ’

363 1180 577 1296 profecto
571 1184 862 1287 determinata,
892 1184 970 1264 hac
1000 1190 1191 1271 methodo
1209 1191 1538 1307 ‚‚subtangente
1570 1201 1648 1281 ha-

363 1306 543 1389 bebimus
578 1326 733 1405 semper
772 1300 853 1383 duo
893 1300 1068 1412 puncta,
1100 1333 1151 1390 ex
1188 1308 1332 1415 quibus
1360 1331 1524 1428 tangens
1556 1318 1639 1401 due
1683 1378 1688 1383 .

360 1424 496 1530 possit.

724 1534 1142 1702 AlRTICULUS
1184 1542 1292 1644 111.

359 1783 426 1891 De
463 1804 541 1865 usu
575 1780 720 1862 calcula·
751 1774 1036 1885 dfferentialis
1060 1787 1107 1864 tn
1148 1782 1325 1867 methodo
1365 1782 1414 1869 de
1441 1790 1641 1891 maximis,
1709 1883 1713 1892 J

873 1896 916 1979 ἐφ’
946 1907 1125 1985 minimis.

386 2137 470 2250 823
504 2131 740 2327 COgnita
758 2134 957 2221 functione
974 2078 1278 2245 repraesentante
1294 2160 1476 2227 naturam
1491 2167 1628 2228 curvae

621 2253 741 2338 facile
759 2250 1015 2369 dignoscetur
1032 2286 1126 2341 num
1145 2257 1299 2341 fruatur
1325 2280 1395 2341 aut
1418 2289 1496 2343 non
1522 2258 1631 2341 maxi
1709 2362 1714 2368 ,

351 2380 427 2461 tnis
445 2436 458 2480 ‚
476 2378 517 2460 δι
536 2375 716 2456 minimis.
752 2372 863 2456 Nam
880 2377 913 2456 si
931 2378 1174 2459 incremento
1192 2376 1456 2459 abscissarum
1471 2388 1646 2479 respon-

353 2496 423 2580 det
437 2493 748 2577 incrementum
737 2520 775 2573 rn
793 2492 984 2578 ordinatis
1002 2496 1193 2602 usquead
1210 2494 1565 2599 infinitom‚curva
1580 2520 1650 2576 ca·
1738 2518 1741 2527 ’

353 2613 456 2699 tebit
475 2616 645 2695 maxima
664 2612 881 2716 applicata.
900 2609 943 2694 Si
963 2616 1233 2698 crescentibus
1250 2614 1464 2716 abscissis,
1484 2614 1649 2696 decres-

351 2752 449 2817 cunt
465 2732 658 2814 ordinatae
673 2747 800 2836 usque
818 2729 872 2811 ad
898 2755 918 2811 u
934 2792 946 2832 ‚
962 2758 1089 2813 curva
1105 2733 1258 2816 carebit
1276 2734 1436 2813 minima
1452 2733 1648 2817 ordinata.

351 2849 398 2938 Si
428 2850 623 2933 ordinatae
653 2867 835 2930 crescant
866 2873 989 2953 usque
1008 2852 1047 2931 in
1068 2851 1294 2952 infinitum,
1313 2849 1355 2932 bt
1381 2876 1460 2931 non
1491 2848 1649 2932 decres-

353 2989 447 3052 cant
477 2968 678 3073 usquead
707 2991 760 3070 o,
792 2985 919 3049 curva
944 2966 1108 3050 habebit
1130 2958 1277 3070 unam.
1301 2990 1371 3052 aut
1403 2968 1536 3071 plures
1568 2969 1650 3047 mi-

352 3088 510 3188 nimas,
542 3085 694 3168 nullam
729 3105 863 3165 autem
897 3086 1124 3168 maximam.
1156 3087 1192 3168 E
1218 3114 1446 3188 converso,
1473 3084 1507 3164 si
1533 3084 1648 3164 ordi-

238 3287 253 3312 Ι
352 3223 456 3282 natae
485 3203 721 3280 decrescant
748 3191 871 3302 usque
900 3203 954 3278 ad
982 3226 1036 3298 o,
1068 3228 1143 3281 nec
1170 3225 1352 3282 crescant
1379 3227 1504 3307 usque
1531 3201 1570 3284 iu
1589 3204 1649 3286 in·

331 3315 534 3417 finitum,
557 3339 717 3395 necesse
737 3335 796 3394 est
822 3314 930 3418 quod
948 3341 1076 3396 curva
1104 3314 1252 3400 habeat
1279 3345 1431 3422 unam,
1458 3340 1528 3404 aut
1554 3324 1649 3424 plu-

352 3461 415 3517 res
444 3434 671 3535 maximas,
696 3431 766 3512 sed
797 3433 947 3514 nuliam
975 3435 1191 3516 minimam.
1220 3435 1406 3542 Denique
1430 3440 1464 3518 si
1488 3439 1648 3524 ordina·

352 3571 402 3636 tae
432 3579 503 3636 nec
532 3569 715 3634 crescant
745 3577 869 3654 usque
899 3552 937 3632 in
965 3549 1194 3656 infinitum,
1217 3581 1291 3637 nec
1317 3556 1552 3641 decrescant
1576 3583 1647 3636 us·

352 3700 430 3780 que
451 3669 503 3753 ad
520 3695 567 3774 o,
594 3669 866 3807 proculdubio
895 3694 1022 3757 curva
1042 3670 1205 3755 habebit
1223 3674 1402 3780 aliquam
1421 3673 1645 3768 maximam,

283 3871 287 3878 a
353 3791 396 3874 &
423 3791 604 3896 aliquam
635 3791 850 3872 minimam.

451 3909 549 3992 Hoc
591 3908 802 4010 supposito
838 3933 930 3989 cunr
970 3932 1043 4010 per
1082 3906 1230 3989 retiam
1275 3887 1517 3986 indefinitam
1562 3898 1646 4005 sig-

352 4025 506 4108 nificari
552 4029 676 4132 possit
714 4025 906 4130 quaelibet
930 4025 1145 4128 quantitas
1185 4021 1391 4105 variabilis
1436 4015 1564 4126 (691
1599 4011 1646 4119 )‚

352 4146 531 4249 sequitur
578 4143 690 4249 quod
739 4140 929 4247 quaelibet
966 4143 1166 4246 quantitas
1217 4139 1421 4235 maxima,
1463 4151 1537 4243 aut!
1568 4132 1645 4209 mi·

353 4263 498 4370 nima,
556 4260 838 4370 representari
893 4259 1020 4368 possit
1070 4284 1143 4364 per
1195 4258 1439 4361 applicatam
1490 4273 1643 4350 curvae3

1591 4389 1642 4444 ex

1812 2778 1820 3099 i
