<?xml version="1.0" encoding="UTF-8"?>
<!DOCTYPE html PUBLIC "-//W3C//DTD XHTML 1.0 Transitional//EN"
    "http://www.w3.org/TR/xhtml1/DTD/xhtml1-transitional.dtd">
<html xmlns="http://www.w3.org/1999/xhtml" xml:lang="en" lang="en">
 <head>
  <title>
</title>
<meta http-equiv="Content-Type" content="text/html;charset=utf-8" />
  <meta name='ocr-system' content='tesseract 3.04.00' />
  <meta name='ocr-capabilities' content='ocr_page ocr_carea ocr_par ocr_line ocrx_word'/>
</head>
<body>
  <div class='ocr_page' id='page_1' title='image "./tractatuspraeli00villgoog_0135.png"; bbox 0 0 3800 5050; ppageno 0'>
   <div class='ocr_carea' id='block_1_1' title="bbox 400 387 1237 523">
    <p class='ocr_par' dir='ltr' id='par_1_1' title="bbox 400 387 1237 523">
     <span class='ocr_line' id='line_1_1' title="bbox 400 387 1237 523; baseline -0.01 -25"><span class='ocrx_word' id='word_1_1' title='bbox 400 425 498 523; x_wconf 85' lang='lat'><strong>130</strong></span> <span class='ocrx_word' id='word_1_2' title='bbox 556 420 560 431; x_wconf 89' lang='lat'>·</span> <span class='ocrx_word' id='word_1_3' title='bbox 759 393 896 495; x_wconf 80' lang='lat' dir='ltr'><strong>Pars</strong></span> <span class='ocrx_word' id='word_1_4' title='bbox 917 387 1237 494; x_wconf 63' lang='lat' dir='ltr'><strong>astralia·</strong></span> 
     </span>
    </p>
   </div>
   <div class='ocr_carea' id='block_1_2' title="bbox 255 559 1813 1154">
    <p class='ocr_par' dir='ltr' id='par_1_2' title="bbox 255 559 1813 1154">
     <span class='ocr_line' id='line_1_2' title="bbox 255 559 1752 696; baseline 0.009 -49"><span class='ocrx_word' id='word_1_5' title='bbox 255 593 342 696; x_wconf 66' lang='lat' dir='ltr'><strong>pag,</strong></span> <span class='ocrx_word' id='word_1_6' title='bbox 419 589 504 678; x_wconf 85' lang='lat'><strong>340</strong></span> <span class='ocrx_word' id='word_1_7' title='bbox 561 561 717 648; x_wconf 89' lang='lat' dir='ltr'><strong>Coroll.</strong></span> <span class='ocrx_word' id='word_1_8' title='bbox 737 594 773 649; x_wconf 81' lang='lat' dir='ltr'><strong>n.</strong></span> <span class='ocrx_word' id='word_1_9' title='bbox 795 565 906 679; x_wconf 79' lang='lat' dir='ltr'><strong>Ergo</strong></span> <span class='ocrx_word' id='word_1_10' title='bbox 928 559 1102 667; x_wconf 76' lang='lat' dir='ltr'><strong>obliquae</strong></span> <span class='ocrx_word' id='word_1_11' title='bbox 1120 559 1298 650; x_wconf 84' lang='lat' dir='ltr'><strong>demissae</strong></span> <span class='ocrx_word' id='word_1_12' title='bbox 1317 561 1344 648; x_wconf 71' lang='lat' dir='ltr'><strong>d</strong></span> <span class='ocrx_word' id='word_1_13' title='bbox 1360 571 1508 674; x_wconf 69' lang='lat' dir='ltr'><strong>pundo</strong></span> <span class='ocrx_word' id='word_1_14' title='bbox 1527 575 1643 661; x_wconf 80' lang='lat' dir='ltr'><strong>D&#39;ad</strong></span> <span class='ocrx_word' id='word_1_15' title='bbox 1747 592 1752 600; x_wconf 84' lang='lat'>&#39;</span> 
     </span>
     <span class='ocr_line' id='line_1_3' title="bbox 356 683 1813 798; baseline 0.006 -28"><span class='ocrx_word' id='word_1_16' title='bbox 356 685 500 770; x_wconf 86' lang='lat' dir='ltr'><strong>lineam</strong></span> <span class='ocrx_word' id='word_1_17' title='bbox 533 683 706 790; x_wconf 78' lang='grc' dir='ltr'>ΑΒ,εο</span> <span class='ocrx_word' id='word_1_18' title='bbox 724 685 922 796; x_wconf 72' lang='lat' dir='ltr'><strong>longiores</strong></span> <span class='ocrx_word' id='word_1_19' title='bbox 948 699 1063 763; x_wconf 89' lang='lat' dir='ltr'><strong>erunt</strong></span> <span class='ocrx_word' id='word_1_20' title='bbox 1083 742 1095 785; x_wconf 89' lang='lat'>,</span> <span class='ocrx_word' id='word_1_21' title='bbox 1117 708 1198 787; x_wconf 92' lang='lat' dir='ltr'><strong>quo</strong></span> <span class='ocrx_word' id='word_1_22' title='bbox 1228 688 1354 798; x_wconf 87' lang='lat' dir='ltr'><strong>magis</strong></span> <span class='ocrx_word' id='word_1_23' title='bbox 1389 692 1580 778; x_wconf 87' lang='lat' dir='ltr'><strong>recedant</strong></span> <span class='ocrx_word' id='word_1_24' title='bbox 1615 690 1642 778; x_wconf 71' lang='lat' dir='ltr'><strong>b</strong></span> <span class='ocrx_word' id='word_1_25' title='bbox 1776 785 1780 792; x_wconf 26' lang='lat'><strong>⁴</strong></span> <span class='ocrx_word' id='word_1_26' title='bbox 1810 715 1813 724; x_wconf 86' lang='grc'><strong>“</strong></span> 
     </span>
     <span class='ocr_line' id='line_1_4' title="bbox 356 795 1643 912; baseline -0.002 -27"><span class='ocrx_word' id='word_1_27' title='bbox 356 804 680 908; x_wconf 78' lang='lat' dir='ltr'><strong>perpendiculari</strong></span> <span class='ocrx_word' id='word_1_28' title='bbox 708 802 798 885; x_wconf 86' lang='lat' dir='ltr'><strong>DC.</strong></span> <span class='ocrx_word' id='word_1_29' title='bbox 826 796 938 883; x_wconf 88' lang='lat' dir='ltr'><strong>Nam</strong></span> <span class='ocrx_word' id='word_1_30' title='bbox 959 798 1186 886; x_wconf 86' lang='lat' dir='ltr'><strong>recedendo</strong></span> <span class='ocrx_word' id='word_1_31' title='bbox 1203 795 1229 881; x_wconf 76' lang='grc' dir='ltr'>ὲ</span> <span class='ocrx_word' id='word_1_32' title='bbox 1255 801 1430 885; x_wconf 89' lang='lat' dir='ltr'><strong>breviori</strong></span> <span class='ocrx_word' id='word_1_33' title='bbox 1450 810 1535 912; x_wconf 84' lang='lat' dir='ltr'><strong>via,</strong></span> <span class='ocrx_word' id='word_1_34' title='bbox 1554 839 1643 897; x_wconf 82' lang='lat' dir='ltr'><strong>rna.</strong></span> 
     </span>
     <span class='ocr_line' id='line_1_5' title="bbox 350 912 1639 1034; baseline 0.009 -31"><span class='ocrx_word' id='word_1_35' title='bbox 350 919 481 1034; x_wconf 81' lang='lat' dir='ltr'><strong>jurem</strong></span> <span class='ocrx_word' id='word_1_36' title='bbox 497 923 707 1010; x_wconf 89' lang='lat' dir='ltr'><strong>circuitum</strong></span> <span class='ocrx_word' id='word_1_37' title='bbox 732 914 938 1019; x_wconf 85' lang='lat' dir='ltr'><strong>efficient,</strong></span> <span class='ocrx_word' id='word_1_38' title='bbox 957 943 1006 998; x_wconf 89' lang='lat' dir='ltr'><strong>ac</strong></span> <span class='ocrx_word' id='word_1_39' title='bbox 1025 912 1250 1000; x_wconf 82' lang='lat' dir='ltr'><strong>necessarid</strong></span> <span class='ocrx_word' id='word_1_40' title='bbox 1279 918 1480 1032; x_wconf 87' lang='lat' dir='ltr'><strong>longiores</strong></span> <span class='ocrx_word' id='word_1_41' title='bbox 1513 950 1639 1014; x_wconf 87' lang='lat' dir='ltr'><strong>erunt.</strong></span> 
     </span>
     <span class='ocr_line' id='line_1_6' title="bbox 293 1025 1639 1154; baseline 0.01 -39"><span class='ocrx_word' id='word_1_42' title='bbox 293 1025 301 1040; x_wconf 78' lang='lat'><em>&#39;</em></span> <span class='ocrx_word' id='word_1_43' title='bbox 417 1054 521 1154; x_wconf 81' lang='lat'>341·</span> <span class='ocrx_word' id='word_1_44' title='bbox 558 1031 693 1118; x_wconf 81' lang='lat' dir='ltr'><strong>Probi.</strong></span> <span class='ocrx_word' id='word_1_45' title='bbox 734 1060 771 1119; x_wconf 82' lang='lat'><strong>1.</strong></span> <span class='ocrx_word' id='word_1_46' title='bbox 808 1033 974 1121; x_wconf 79' lang='lat' dir='ltr'><strong>Lineam.</strong></span> <span class='ocrx_word' id='word_1_47' title='bbox 998 1036 1135 1116; x_wconf 83' lang='lat' dir='ltr'><strong>datam</strong></span> <span class='ocrx_word' id='word_1_48' title='bbox 1171 1034 1250 1124; x_wconf 82' lang='lat' dir='ltr'><strong>DC</strong></span> <span class='ocrx_word' id='word_1_49' title='bbox 1287 1044 1326 1120; x_wconf 82' lang='lat' dir='ltr'><strong>in</strong></span> <span class='ocrx_word' id='word_1_50' title='bbox 1359 1039 1464 1122; x_wconf 84' lang='lat' dir='ltr'><strong>duas</strong></span> <span class='ocrx_word' id='word_1_51' title='bbox 1488 1059 1639 1152; x_wconf 84' lang='lat' dir='ltr'><strong>partes</strong></span> 
     </span>
    </p>
   </div>
   <div class='ocr_carea' id='block_1_3' title="bbox 209 1151 1638 4183">
    <p class='ocr_par' dir='ltr' id='par_1_3' title="bbox 359 1151 867 1262">
     <span class='ocr_line' id='line_1_7' title="bbox 359 1151 867 1262; baseline -0.012 -24"><span class='ocrx_word' id='word_1_52' title='bbox 359 1164 532 1262; x_wconf 78' lang='lat' dir='ltr'><strong>aequales</strong></span> <span class='ocrx_word' id='word_1_53' title='bbox 551 1151 749 1238; x_wconf 70' lang='lat' dir='ltr'><strong>dividere.</strong></span> <span class='ocrx_word' id='word_1_54' title='bbox 863 1189 867 1195; x_wconf 91' lang='lat'><strong>·</strong></span> 
     </span>
    </p>

    <p class='ocr_par' dir='ltr' id='par_1_4' title="bbox 290 1267 1638 1976">
     <span class='ocr_line' id='line_1_8' title="bbox 290 1267 1637 1388; baseline 0.007 -33"><span class='ocrx_word' id='word_1_55' title='bbox 290 1307 316 1388; x_wconf 76' lang='lat'><strong>3</strong></span> <span class='ocrx_word' id='word_1_56' title='bbox 348 1287 353 1294; x_wconf 79' lang='grc'><strong><em>’</em></strong></span> <span class='ocrx_word' id='word_1_57' title='bbox 444 1269 529 1354; x_wconf 85' lang='lat' dir='ltr'><strong>sol.</strong></span> <span class='ocrx_word' id='word_1_58' title='bbox 547 1267 750 1355; x_wconf 87' lang='lat' dir='ltr'><strong>Sumendo</strong></span> <span class='ocrx_word' id='word_1_59' title='bbox 771 1287 960 1378; x_wconf 84' lang='lat' dir='ltr'><strong>tanquam</strong></span> <span class='ocrx_word' id='word_1_60' title='bbox 978 1289 1157 1357; x_wconf 86' lang='lat' dir='ltr'><strong>centrum</strong></span> <span class='ocrx_word' id='word_1_61' title='bbox 1174 1273 1231 1382; x_wconf 82' lang='lat'><strong>0,</strong></span> <span class='ocrx_word' id='word_1_62' title='bbox 1254 1273 1296 1359; x_wconf 78' lang='lat' dir='ltr'><strong>bt</strong></span> <span class='ocrx_word' id='word_1_63' title='bbox 1317 1277 1392 1382; x_wconf 88' lang='lat' dir='ltr'><strong>D,</strong></span> <span class='ocrx_word' id='word_1_64' title='bbox 1409 1276 1637 1366; x_wconf 82' lang='lat' dir='ltr'><strong>describan-</strong></span> 
     </span>
     <span class='ocr_line' id='line_1_9' title="bbox 355 1388 1638 1501; baseline 0.008 -27"><span class='ocrx_word' id='word_1_65' title='bbox 355 1409 420 1474; x_wconf 87' lang='lat' dir='ltr'><strong>tur</strong></span> <span class='ocrx_word' id='word_1_66' title='bbox 441 1392 582 1476; x_wconf 88' lang='lat' dir='ltr'><strong>eodem</strong></span> <span class='ocrx_word' id='word_1_67' title='bbox 616 1391 730 1475; x_wconf 90' lang='lat' dir='ltr'><strong>radio</strong></span> <span class='ocrx_word' id='word_1_68' title='bbox 751 1388 878 1495; x_wconf 90' lang='lat' dir='ltr'><strong>DG(</strong></span> <span class='ocrx_word' id='word_1_69' title='bbox 908 1388 951 1500; x_wconf 92' lang='grc'><strong>5.</strong></span> <span class='ocrx_word' id='word_1_70' title='bbox 973 1416 1056 1501; x_wconf 81' lang='lat'><strong>303</strong></span> <span class='ocrx_word' id='word_1_71' title='bbox 1089 1391 1105 1500; x_wconf 92' lang='grc'>)</span> <span class='ocrx_word' id='word_1_72' title='bbox 1128 1391 1210 1476; x_wconf 93' lang='lat' dir='ltr'><strong>duo</strong></span> <span class='ocrx_word' id='word_1_73' title='bbox 1239 1421 1356 1478; x_wconf 88' lang='lat' dir='ltr'><strong>arcus</strong></span> <span class='ocrx_word' id='word_1_74' title='bbox 1383 1397 1526 1484; x_wconf 89' lang='lat' dir='ltr'><strong>circuli</strong></span> <span class='ocrx_word' id='word_1_75' title='bbox 1551 1426 1638 1484; x_wconf 89' lang='lat' dir='ltr'><strong>sese</strong></span> 
     </span>
     <span class='ocr_line' id='line_1_10' title="bbox 352 1501 1638 1620; baseline 0.004 -26"><span class='ocrx_word' id='word_1_76' title='bbox 352 1532 538 1595; x_wconf 85' lang='lat' dir='ltr'><strong>secantes</strong></span> <span class='ocrx_word' id='word_1_77' title='bbox 562 1511 602 1590; x_wconf 93' lang='lat' dir='ltr'><strong>in</strong></span> <span class='ocrx_word' id='word_1_78' title='bbox 627 1506 780 1614; x_wconf 73' lang='lat' dir='ltr'><strong>punctis</strong></span> <span class='ocrx_word' id='word_1_79' title='bbox 798 1504 865 1608; x_wconf 89' lang='lat' dir='ltr'><strong>G,</strong></span> <span class='ocrx_word' id='word_1_80' title='bbox 884 1505 926 1588; x_wconf 72' lang='grc' dir='ltr'><strong>δι</strong></span> <span class='ocrx_word' id='word_1_81' title='bbox 955 1501 1029 1590; x_wconf 72' lang='lat' dir='ltr'><strong>He</strong></span> <span class='ocrx_word' id='word_1_82' title='bbox 1052 1508 1271 1615; x_wconf 75' lang='lat' dir='ltr'><strong>ducta-per</strong></span> <span class='ocrx_word' id='word_1_83' title='bbox 1293 1537 1363 1594; x_wconf 91' lang='lat' dir='ltr'><strong>eos</strong></span> <span class='ocrx_word' id='word_1_84' title='bbox 1378 1513 1485 1595; x_wconf 67' lang='lat' dir='ltr'><strong>rebla</strong></span> <span class='ocrx_word' id='word_1_85' title='bbox 1507 1515 1638 1620; x_wconf 87' lang='lat' dir='ltr'><em>GFH,</em></span> 
     </span>
     <span class='ocr_line' id='line_1_11' title="bbox 354 1621 1637 1734; baseline 0.002 -24"><span class='ocrx_word' id='word_1_86' title='bbox 354 1631 428 1710; x_wconf 87' lang='lat' dir='ltr'><strong>erit</strong></span> <span class='ocrx_word' id='word_1_87' title='bbox 448 1631 598 1710; x_wconf 85' lang='lat' dir='ltr'><strong>DF:</strong></span> <span class='ocrx_word' id='word_1_88' title='bbox 611 1627 687 1710; x_wconf 66' lang='lat' dir='ltr'><strong>FU.</strong></span> <span class='ocrx_word' id='word_1_89' title='bbox 706 1621 821 1707; x_wconf 88' lang='lat' dir='ltr'><strong>Nam</strong></span> <span class='ocrx_word' id='word_1_90' title='bbox 846 1649 942 1705; x_wconf 85' lang='lat' dir='ltr'><strong>curn-¹</strong></span> <span class='ocrx_word' id='word_1_91' title='bbox 953 1625 1004 1706; x_wconf 91' lang='lat' dir='ltr'><strong>sit</strong></span> <span class='ocrx_word' id='word_1_92' title='bbox 1023 1627 1107 1709; x_wconf 88' lang='lat' dir='ltr'><strong>HG</strong></span> <span class='ocrx_word' id='word_1_93' title='bbox 1123 1627 1312 1734; x_wconf 73' lang='lat' dir='ltr'>zm),</span> <span class='ocrx_word' id='word_1_94' title='bbox 1330 1629 1372 1712; x_wconf 75' lang='lat' dir='ltr'><strong>bt</strong></span> <span class='ocrx_word' id='word_1_95' title='bbox 1389 1631 1547 1712; x_wconf 79' lang='lat' dir='ltr'><strong>DG:</strong></span> <span class='ocrx_word' id='word_1_96' title='bbox 1562 1632 1637 1713; x_wconf 90' lang='lat' dir='ltr'><strong>CG</strong></span> 
     </span>
     <span class='ocr_line' id='line_1_12' title="bbox 355 1739 1637 1862; baseline 0.006 -38"><span class='ocrx_word' id='word_1_97' title='bbox 355 1745 373 1855; x_wconf 86' lang='lat'>(</span> <span class='ocrx_word' id='word_1_98' title='bbox 404 1743 445 1862; x_wconf 92' lang='grc'><strong>5.</strong></span> <span class='ocrx_word' id='word_1_99' title='bbox 468 1749 551 1862; x_wconf 79' lang='lat'><strong>298</strong></span> <span class='ocrx_word' id='word_1_100' title='bbox 582 1747 625 1856; x_wconf 92' lang='lat'><strong>),</strong></span> <span class='ocrx_word' id='word_1_101' title='bbox 651 1745 716 1825; x_wconf 89' lang='lat' dir='ltr'><strong>lin.</strong></span> <span class='ocrx_word' id='word_1_102' title='bbox 742 1739 860 1823; x_wconf 69' lang='lat' dir='ltr'><strong>Hau</strong></span> <span class='ocrx_word' id='word_1_103' title='bbox 875 1739 958 1823; x_wconf 92' lang='lat' dir='ltr'><strong>duo</strong></span> <span class='ocrx_word' id='word_1_104' title='bbox 977 1741 1100 1826; x_wconf 90' lang='lat' dir='ltr'><strong>habet</strong></span> <span class='ocrx_word' id='word_1_105' title='bbox 1126 1744 1273 1849; x_wconf 72' lang='lat' dir='ltr'><strong>pundo</strong></span> <span class='ocrx_word' id='word_1_106' title='bbox 1305 1773 1417 1851; x_wconf 84' lang='lat' dir='ltr'><strong>aeque</strong></span> <span class='ocrx_word' id='word_1_107' title='bbox 1448 1747 1637 1832; x_wconf 74' lang='lat' dir='ltr'><strong>distantia</strong></span> 
     </span>
     <span class='ocr_line' id='line_1_13' title="bbox 354 1851 1637 1976; baseline -0.003 -24"><span class='ocrx_word' id='word_1_108' title='bbox 354 1859 381 1950; x_wconf 63' lang='lat' dir='ltr'><strong>*a</strong></span> <span class='ocrx_word' id='word_1_109' title='bbox 406 1869 554 1973; x_wconf 63' lang='lat' dir='ltr'><strong>punito</strong></span> <span class='ocrx_word' id='word_1_110' title='bbox 570 1867 638 1960; x_wconf 82' lang='lat' dir='ltr'><strong>D,</strong></span> <span class='ocrx_word' id='word_1_111' title='bbox 652 1883 772 1962; x_wconf 86' lang='lat' dir='ltr'><strong>quam</strong></span> <span class='ocrx_word' id='word_1_112' title='bbox 787 1851 814 1939; x_wconf 78' lang='grc' dir='ltr'><strong>ὲ·</strong></span> <span class='ocrx_word' id='word_1_113' title='bbox 829 1858 976 1964; x_wconf 71' lang='lat' dir='ltr'><strong>pundo</strong></span> <span class='ocrx_word' id='word_1_114' title='bbox 993 1860 1043 1943; x_wconf 90' lang='lat' dir='ltr'><strong>C:</strong></span> <span class='ocrx_word' id='word_1_115' title='bbox 1065 1889 1162 1976; x_wconf 86' lang='lat' dir='ltr'><strong>ergo</strong></span> <span class='ocrx_word' id='word_1_116' title='bbox 1178 1864 1257 1944; x_wconf 91' lang='lat' dir='ltr'><strong>FD</strong></span> <span class='ocrx_word' id='word_1_117' title='bbox 1269 1893 1330 1948; x_wconf 86' lang='lat'><strong><em>=</em></strong></span> <span class='ocrx_word' id='word_1_118' title='bbox 1346 1863 1418 1946; x_wconf 67' lang='lat' dir='ltr'><strong>FP</strong></span> <span class='ocrx_word' id='word_1_119' title='bbox 1427 1862 1443 1971; x_wconf 96' lang='lat'>(</span> <span class='ocrx_word' id='word_1_120' title='bbox 1459 1861 1529 1976; x_wconf 83' lang='grc'><strong>53</strong></span> <span class='ocrx_word' id='word_1_121' title='bbox 1536 1889 1592 1974; x_wconf 90' lang='grc'><strong>34</strong></span> <span class='ocrx_word' id='word_1_122' title='bbox 1607 1865 1637 1974; x_wconf 92' lang='grc'><strong>).</strong></span> 
     </span>
    </p>

    <p class='ocr_par' dir='ltr' id='par_1_5' title="bbox 347 1971 1638 2324">
     <span class='ocr_line' id='line_1_14' title="bbox 414 1971 1638 2090; baseline 0.009 -35"><span class='ocrx_word' id='word_1_123' title='bbox 414 2008 498 2090; x_wconf 77' lang='lat'><strong>342</strong></span> <span class='ocrx_word' id='word_1_124' title='bbox 557 1971 691 2057; x_wconf 85' lang='lat' dir='ltr'><strong>Probl.</strong></span> <span class='ocrx_word' id='word_1_125' title='bbox 714 2003 752 2057; x_wconf 67' lang='grc' dir='ltr'><strong>α.</strong></span> <span class='ocrx_word' id='word_1_126' title='bbox 773 1975 816 2057; x_wconf 90' lang='grc' dir='ltr'><em>Α</em></span> <span class='ocrx_word' id='word_1_127' title='bbox 835 1975 1034 2082; x_wconf 73' lang='lat' dir='ltr'><strong>pandos}</strong></span> <span class='ocrx_word' id='word_1_128' title='bbox 1051 1984 1335 2064; x_wconf 77' lang='lat' dir='ltr'><strong>extralineam</strong></span> <span class='ocrx_word' id='word_1_129' title='bbox 1356 1979 1433 2062; x_wconf 90' lang='lat' dir='ltr'><strong>AB</strong></span> <span class='ocrx_word' id='word_1_130' title='bbox 1450 1983 1638 2068; x_wconf 81' lang='lat' dir='ltr'><strong>demitte-</strong></span> 
     </span>
     <span class='ocr_line' id='line_1_15' title="bbox 347 2091 1632 2202; baseline -0.003 -21"><span class='ocrx_word' id='word_1_131' title='bbox 347 2123 398 2181; x_wconf 72' lang='lat' dir='ltr'><strong>‘re</strong></span> <span class='ocrx_word' id='word_1_132' title='bbox 420 2092 789 2202; x_wconf 67' lang='lat' dir='ltr'><strong>perpendicularem</strong></span> <span class='ocrx_word' id='word_1_133' title='bbox 815 2091 890 2176; x_wconf 87' lang='lat' dir='ltr'><strong>GF</strong></span> <span class='ocrx_word' id='word_1_134' title='bbox 908 2096 965 2176; x_wconf 84' lang='lat' dir='ltr'><strong>ad</strong></span> <span class='ocrx_word' id='word_1_135' title='bbox 984 2093 1130 2178; x_wconf 69' lang='lat' dir='ltr'><strong>deltam</strong></span> <span class='ocrx_word' id='word_1_136' title='bbox 1148 2102 1220 2177; x_wconf 73' lang='lat' dir='ltr'><strong>litt</strong></span> <span class='ocrx_word' id='word_1_137' title='bbox 1469 2105 1473 2114; x_wconf 83' lang='lat'>&#39;</span> <span class='ocrx_word' id='word_1_138' title='bbox 1629 2129 1632 2138; x_wconf 67' lang='grc'><strong>’</strong></span> 
     </span>
     <span class='ocr_line' id='line_1_16' title="bbox 452 2204 1638 2324; baseline 0.003 -30"><span class='ocrx_word' id='word_1_139' title='bbox 452 2209 544 2294; x_wconf 62' lang='lat' dir='ltr'><strong>Sol,</strong></span> <span class='ocrx_word' id='word_1_140' title='bbox 566 2204 734 2316; x_wconf 90' lang='lat' dir='ltr'><strong>Sumpto</strong></span> <span class='ocrx_word' id='word_1_141' title='bbox 772 2238 848 2318; x_wconf 89' lang='lat' dir='ltr'><strong>pro</strong></span> <span class='ocrx_word' id='word_1_142' title='bbox 890 2232 1029 2296; x_wconf 90' lang='lat' dir='ltr'><strong>centro</strong></span> <span class='ocrx_word' id='word_1_143' title='bbox 1050 2214 1090 2296; x_wconf 83' lang='lat' dir='ltr'><strong>G</strong></span> <span class='ocrx_word' id='word_1_144' title='bbox 1121 2208 1376 2297; x_wconf 85' lang='lat' dir='ltr'><strong>describatur</strong></span> <span class='ocrx_word' id='word_1_145' title='bbox 1396 2240 1518 2300; x_wconf 91' lang='lat' dir='ltr'><strong>arcus·</strong></span> <span class='ocrx_word' id='word_1_146' title='bbox 1545 2215 1638 2324; x_wconf 83' lang='lat' dir='ltr'><strong>DC,</strong></span> 
     </span>
    </p>

    <p class='ocr_par' dir='ltr' id='par_1_6' title="bbox 279 2323 1637 2675">
     <span class='ocr_line' id='line_1_17' title="bbox 279 2323 1636 2436; baseline 0.003 -21"><span class='ocrx_word' id='word_1_147' title='bbox 279 2323 287 2338; x_wconf 73' lang='grc'>’</span> <span class='ocrx_word' id='word_1_148' title='bbox 354 2357 491 2416; x_wconf 87' lang='lat' dir='ltr'><strong>secans</strong></span> <span class='ocrx_word' id='word_1_149' title='bbox 514 2329 581 2411; x_wconf 84' lang='lat' dir='ltr'><strong>lin</strong></span> <span class='ocrx_word' id='word_1_150' title='bbox 605 2328 691 2412; x_wconf 83' lang='grc' dir='ltr'><strong>ΑΒ.</strong></span> <span class='ocrx_word' id='word_1_151' title='bbox 705 2333 748 2413; x_wconf 90' lang='lat' dir='ltr'><strong>in</strong></span> <span class='ocrx_word' id='word_1_152' title='bbox 765 2328 921 2435; x_wconf 69' lang='lat' dir='ltr'><strong>pandis</strong></span> <span class='ocrx_word' id='word_1_153' title='bbox 935 2331 998 2436; x_wconf 86' lang='lat' dir='ltr'><strong>C,</strong></span> <span class='ocrx_word' id='word_1_154' title='bbox 1017 2333 1087 2413; x_wconf 88' lang='lat' dir='ltr'><strong>D:</strong></span> <span class='ocrx_word' id='word_1_155' title='bbox 1119 2329 1324 2415; x_wconf 83' lang='lat' dir='ltr'><strong>dividatur</strong></span> <span class='ocrx_word' id='word_1_156' title='bbox 1352 2329 1430 2414; x_wconf 88' lang='lat' dir='ltr'><strong>CD</strong></span> <span class='ocrx_word' id='word_1_157' title='bbox 1462 2334 1503 2415; x_wconf 95' lang='lat' dir='ltr'><strong>in</strong></span> <span class='ocrx_word' id='word_1_158' title='bbox 1534 2333 1636 2419; x_wconf 91' lang='lat' dir='ltr'><strong>duas</strong></span> 
     </span>
     <span class='ocr_line' id='line_1_18' title="bbox 351 2446 1636 2563; baseline 0.005 -33"><span class='ocrx_word' id='word_1_159' title='bbox 351 2466 488 2554; x_wconf 90' lang='lat' dir='ltr'><strong>partes</strong></span> <span class='ocrx_word' id='word_1_160' title='bbox 524 2447 698 2557; x_wconf 83' lang='lat' dir='ltr'><strong>aequales</strong></span> <span class='ocrx_word' id='word_1_161' title='bbox 715 2451 756 2532; x_wconf 93' lang='lat' dir='ltr'><strong>in</strong></span> <span class='ocrx_word' id='word_1_162' title='bbox 777 2447 924 2555; x_wconf 69' lang='lat' dir='ltr'><strong>pundo</strong></span> <span class='ocrx_word' id='word_1_163' title='bbox 939 2449 980 2530; x_wconf 89' lang='lat' dir='ltr'><em>F</em></span> <span class='ocrx_word' id='word_1_164' title='bbox 981 2446 1006 2558; x_wconf 85' lang='lat'><strong>¹(</strong></span> <span class='ocrx_word' id='word_1_165' title='bbox 1036 2446 1078 2563; x_wconf 91' lang='grc'><strong>5.</strong></span> <span class='ocrx_word' id='word_1_166' title='bbox 1101 2470 1182 2558; x_wconf 76' lang='grc'><strong>341</strong></span> <span class='ocrx_word' id='word_1_167' title='bbox 1216 2447 1317 2559; x_wconf 85' lang='lat'><strong>)‚&amp;</strong></span> <span class='ocrx_word' id='word_1_168' title='bbox 1341 2448 1528 2537; x_wconf 89' lang='lat' dir='ltr'><strong>ducendo</strong></span> <span class='ocrx_word' id='word_1_169' title='bbox 1565 2479 1636 2559; x_wconf 92' lang='lat' dir='ltr'><strong>per</strong></span> 
     </span>
     <span class='ocr_line' id='line_1_19' title="bbox 349 2564 1637 2675; baseline 0.007 -29"><span class='ocrx_word' id='word_1_170' title='bbox 349 2564 496 2671; x_wconf 72' lang='lat' dir='ltr'><strong>ponda</strong></span> <span class='ocrx_word' id='word_1_171' title='bbox 533 2567 638 2651; x_wconf 86' lang='lat' dir='ltr'><strong>G&amp;</strong></span> <span class='ocrx_word' id='word_1_172' title='bbox 666 2569 707 2649; x_wconf 87' lang='lat' dir='ltr'><em>F</em></span> <span class='ocrx_word' id='word_1_173' title='bbox 729 2567 879 2652; x_wconf 77' lang='lat' dir='ltr'><strong>rectam</strong></span> <span class='ocrx_word' id='word_1_174' title='bbox 912 2568 1016 2673; x_wconf 84' lang='lat' dir='ltr'><strong>GF,</strong></span> <span class='ocrx_word' id='word_1_175' title='bbox 1048 2565 1259 2653; x_wconf 86' lang='lat' dir='ltr'><strong>habebitur</strong></span> <span class='ocrx_word' id='word_1_176' title='bbox 1294 2570 1637 2675; x_wconf 87' lang='lat' dir='ltr'><strong>perpendicularis</strong></span> 
     </span>
    </p>

    <p class='ocr_par' dir='ltr' id='par_1_7' title="bbox 209 2683 1636 3854">
     <span class='ocr_line' id='line_1_20' title="bbox 218 2683 1636 2797; baseline 0.002 -33"><span class='ocrx_word' id='word_1_177' title='bbox 218 2695 221 2703; x_wconf 83' lang='lat'>&#39;</span> <span class='ocrx_word' id='word_1_178' title='bbox 313 2743 321 2753; x_wconf 69' lang='grc'><strong><em>.</em></strong></span> <span class='ocrx_word' id='word_1_179' title='bbox 349 2687 524 2788; x_wconf 81' lang='lat' dir='ltr'><strong>quaesita.</strong></span> <span class='ocrx_word' id='word_1_180' title='bbox 555 2685 662 2772; x_wconf 88' lang='lat' dir='ltr'><strong>Cum</strong></span> <span class='ocrx_word' id='word_1_181' title='bbox 686 2688 791 2769; x_wconf 89' lang='lat' dir='ltr'><strong>enirn</strong></span> <span class='ocrx_word' id='word_1_182' title='bbox 818 2685 901 2791; x_wconf 86' lang='lat' dir='ltr'><strong>duo</strong></span> <span class='ocrx_word' id='word_1_183' title='bbox 929 2683 1014 2797; x_wconf 83' lang='lat' dir='ltr'><strong>ejus</strong></span> <span class='ocrx_word' id='word_1_184' title='bbox 1045 2685 1190 2791; x_wconf 72' lang='lat' dir='ltr'><strong>ponda</strong></span> <span class='ocrx_word' id='word_1_185' title='bbox 1216 2686 1256 2769; x_wconf 93' lang='lat' dir='ltr'><strong><em>G</em></strong></span> <span class='ocrx_word' id='word_1_186' title='bbox 1271 2747 1285 2793; x_wconf 89' lang='lat'>‚</span> <span class='ocrx_word' id='word_1_187' title='bbox 1300 2689 1342 2772; x_wconf 71' lang='grc' dir='ltr'><strong>δι</strong></span> <span class='ocrx_word' id='word_1_188' title='bbox 1358 2690 1399 2769; x_wconf 89' lang='lat' dir='ltr'><em>F</em></span> <span class='ocrx_word' id='word_1_189' title='bbox 1421 2716 1534 2793; x_wconf 85' lang='lat' dir='ltr'><strong>aeque</strong></span> <span class='ocrx_word' id='word_1_190' title='bbox 1551 2689 1636 2767; x_wconf 87' lang='lat' dir='ltr'><strong>dis-</strong></span> 
     </span>
     <span class='ocr_line' id='line_1_21' title="bbox 342 2798 1634 2911; baseline 0.001 -29"><span class='ocrx_word' id='word_1_191' title='bbox 342 2804 463 2910; x_wconf 84' lang='lat' dir='ltr'><strong>tent,</strong></span> <span class='ocrx_word' id='word_1_192' title='bbox 497 2834 575 2911; x_wconf 91' lang='lat' dir='ltr'><strong>per</strong></span> <span class='ocrx_word' id='word_1_193' title='bbox 608 2804 853 2911; x_wconf 60' lang='lat' dir='ltr'><strong>construo,</strong></span> <span class='ocrx_word' id='word_1_194' title='bbox 876 2798 902 2885; x_wconf 74' lang='lat' dir='ltr'><strong>it</strong></span> <span class='ocrx_word' id='word_1_195' title='bbox 928 2804 1075 2908; x_wconf 72' lang='lat' dir='ltr'><strong>pundo</strong></span> <span class='ocrx_word' id='word_1_196' title='bbox 1104 2804 1164 2910; x_wconf 87' lang='lat' dir='ltr'><strong>C,</strong></span> <span class='ocrx_word' id='word_1_197' title='bbox 1191 2832 1311 2911; x_wconf 90' lang='lat' dir='ltr'><strong>quam</strong></span> <span class='ocrx_word' id='word_1_198' title='bbox 1345 2799 1370 2886; x_wconf 75' lang='grc' dir='ltr'>ὲ</span> <span class='ocrx_word' id='word_1_199' title='bbox 1408 2803 1554 2908; x_wconf 72' lang='lat' dir='ltr'><strong>pundo</strong></span> <span class='ocrx_word' id='word_1_200' title='bbox 1587 2802 1634 2883; x_wconf 92' lang='lat' dir='ltr'><strong><em>D</em></strong></span> 
     </span>
     <span class='ocr_line' id='line_1_22' title="bbox 209 2918 1634 3033; baseline -0.002 -27"><span class='ocrx_word' id='word_1_201' title='bbox 209 2944 212 2949; x_wconf 84' lang='grc'><em>·</em></span> <span class='ocrx_word' id='word_1_202' title='bbox 337 2918 364 3028; x_wconf 86' lang='grc'><strong>-(</strong></span> <span class='ocrx_word' id='word_1_203' title='bbox 395 2918 436 3033; x_wconf 91' lang='grc'><strong>5.</strong></span> <span class='ocrx_word' id='word_1_204' title='bbox 460 2926 542 3033; x_wconf 83' lang='lat'><strong>298</strong></span> <span class='ocrx_word' id='word_1_205' title='bbox 574 2923 615 3030; x_wconf 84' lang='lat'><strong>),</strong></span> <span class='ocrx_word' id='word_1_206' title='bbox 640 2922 717 3004; x_wconf 70' lang='lat' dir='ltr'><strong>m</strong></span> <span class='ocrx_word' id='word_1_207' title='bbox 738 2925 819 3005; x_wconf 88' lang='lat' dir='ltr'><strong>erit.</strong></span> <span class='ocrx_word' id='word_1_208' title='bbox 844 2922 1188 3027; x_wconf 85' lang='lat' dir='ltr'><strong>perpendicularis</strong></span> <span class='ocrx_word' id='word_1_209' title='bbox 1211 2923 1266 3002; x_wconf 91' lang='lat' dir='ltr'><strong>ad</strong></span> <span class='ocrx_word' id='word_1_210' title='bbox 1287 2919 1402 3023; x_wconf 83' lang='lat' dir='ltr'><strong>AB(</strong></span> <span class='ocrx_word' id='word_1_211' title='bbox 1433 2920 1575 3028; x_wconf 83' lang='grc'><strong>5334</strong></span> <span class='ocrx_word' id='word_1_212' title='bbox 1605 2918 1634 3027; x_wconf 90' lang='grc'><strong>).</strong></span> 
     </span>
     <span class='ocr_line' id='line_1_23' title="bbox 346 3032 1636 3259; baseline -0.022 -111"><span class='ocrx_word' id='word_1_213' title='bbox 346 3171 368 3237; x_wconf 57' lang='lat' dir='ltr'><strong><em>t</em></strong></span> <span class='ocrx_word' id='word_1_214' title='bbox 406 3060 529 3238; x_wconf 46' lang='grc' dir='ltr'><strong>3415Β</strong></span> <span class='ocrx_word' id='word_1_215' title='bbox 546 3037 1348 3259; x_wconf 43' lang='grc' dir='ltr'><strong>5525511έῖ5Ἑῗιῖἴζπέἓᾜηάῑεαίανενη</strong></span> <span class='ocrx_word' id='word_1_216' title='bbox 1372 3032 1446 3119; x_wconf 86' lang='lat' dir='ltr'><strong>FG</strong></span> <span class='ocrx_word' id='word_1_217' title='bbox 1465 3037 1519 3116; x_wconf 86' lang='lat' dir='ltr'><strong>ad</strong></span> <span class='ocrx_word' id='word_1_218' title='bbox 1544 3061 1636 3119; x_wconf 86' lang='lat' dir='ltr'><strong>rec-</strong></span> 
     </span>
     <span class='ocr_line' id='line_1_24' title="bbox 366 3184 1097 3237; baseline 0.003 0"><span class='ocrx_word' id='word_1_219' title='bbox 366 3184 431 3237; x_wconf 85' lang='lat' dir='ltr'><strong>am</strong></span> <span class='ocrx_word' id='word_1_220' title='bbox 839 3194 844 3225; x_wconf 76' lang='lat'>1</span> <span class='ocrx_word' id='word_1_221' title='bbox 1010 3218 1013 3223; x_wconf 85' lang='lat'><em>-</em></span> <span class='ocrx_word' id='word_1_222' title='bbox 1083 3209 1097 3231; x_wconf 57' lang='grc' dir='ltr'><strong>ι</strong></span> 
     </span>
     <span class='ocr_line' id='line_1_25' title="bbox 436 3266 1635 3376; baseline 0.003 -22"><span class='ocrx_word' id='word_1_223' title='bbox 436 3270 518 3356; x_wconf 88' lang='lat' dir='ltr'><strong>Sol.</strong></span> <span class='ocrx_word' id='word_1_224' title='bbox 544 3272 684 3353; x_wconf 90' lang='lat' dir='ltr'><strong>Posito</strong></span> <span class='ocrx_word' id='word_1_225' title='bbox 719 3290 847 3352; x_wconf 83' lang='lat' dir='ltr'><strong>crure·</strong></span> <span class='ocrx_word' id='word_1_226' title='bbox 867 3294 947 3349; x_wconf 93' lang='lat' dir='ltr'><strong>uno</strong></span> <span class='ocrx_word' id='word_1_227' title='bbox 983 3266 1123 3347; x_wconf 88' lang='lat' dir='ltr'><strong>circini</strong></span> <span class='ocrx_word' id='word_1_228' title='bbox 1157 3268 1198 3349; x_wconf 90' lang='lat' dir='ltr'><strong>in</strong></span> <span class='ocrx_word' id='word_1_229' title='bbox 1218 3269 1285 3376; x_wconf 87' lang='lat' dir='ltr'><strong>F,</strong></span> <span class='ocrx_word' id='word_1_230' title='bbox 1304 3267 1374 3356; x_wconf 90' lang='lat' dir='ltr'><strong>fiat</strong></span> <span class='ocrx_word' id='word_1_231' title='bbox 1393 3273 1469 3355; x_wconf 91' lang='lat' dir='ltr'><strong>FD</strong></span> <span class='ocrx_word' id='word_1_232' title='bbox 1484 3304 1543 3357; x_wconf 75' lang='lat' dir='ltr'><strong>z:</strong></span> <span class='ocrx_word' id='word_1_233' title='bbox 1557 3276 1635 3360; x_wconf 83' lang='lat' dir='ltr'><strong>FC:</strong></span> 
     </span>
     <span class='ocr_line' id='line_1_26' title="bbox 346 3384 1635 3498; baseline 0.003 -25"><span class='ocrx_word' id='word_1_234' title='bbox 346 3389 504 3476; x_wconf 90' lang='lat' dir='ltr'><strong>duobus</strong></span> <span class='ocrx_word' id='word_1_235' title='bbox 531 3388 686 3496; x_wconf 71' lang='lat' dir='ltr'><strong>pondis</strong></span> <span class='ocrx_word' id='word_1_236' title='bbox 713 3385 776 3493; x_wconf 83' lang='lat' dir='ltr'><strong>C,</strong></span> <span class='ocrx_word' id='word_1_237' title='bbox 802 3384 844 3467; x_wconf 72' lang='grc' dir='ltr'><strong>δι</strong></span> <span class='ocrx_word' id='word_1_238' title='bbox 862 3386 908 3467; x_wconf 93' lang='lat' dir='ltr'><strong><em>D</em></strong></span> <span class='ocrx_word' id='word_1_239' title='bbox 931 3410 1007 3489; x_wconf 87' lang='lat' dir='ltr'><strong>pro</strong></span> <span class='ocrx_word' id='word_1_240' title='bbox 1030 3404 1167 3467; x_wconf 90' lang='lat' dir='ltr'><strong>centro</strong></span> <span class='ocrx_word' id='word_1_241' title='bbox 1200 3392 1404 3498; x_wconf 84' lang='lat' dir='ltr'><strong>sumptis,</strong></span> <span class='ocrx_word' id='word_1_242' title='bbox 1436 3392 1635 3479; x_wconf 79' lang='lat' dir='ltr'><strong>ducantur</strong></span> 
     </span>
     <span class='ocr_line' id='line_1_27' title="bbox 346 3503 1635 3615; baseline -0.003 -22"><span class='ocrx_word' id='word_1_243' title='bbox 346 3511 490 3593; x_wconf 88' lang='lat' dir='ltr'><strong>eodem</strong></span> <span class='ocrx_word' id='word_1_244' title='bbox 508 3509 624 3593; x_wconf 87' lang='lat' dir='ltr'><strong>radio</strong></span> <span class='ocrx_word' id='word_1_245' title='bbox 652 3505 725 3590; x_wconf 71' lang='grc' dir='ltr'><strong>(Ὀ</strong></span> <span class='ocrx_word' id='word_1_246' title='bbox 746 3503 832 3587; x_wconf 90' lang='lat' dir='ltr'><strong>duo</strong></span> <span class='ocrx_word' id='word_1_247' title='bbox 846 3507 968 3587; x_wconf 80' lang='lat' dir='ltr'><strong>areu‘s</strong></span> <span class='ocrx_word' id='word_1_248' title='bbox 984 3529 1030 3585; x_wconf 89' lang='lat' dir='ltr'><strong>se</strong></span> <span class='ocrx_word' id='word_1_249' title='bbox 1045 3505 1327 3591; x_wconf 88' lang='lat' dir='ltr'><strong>intersecantes</strong></span> <span class='ocrx_word' id='word_1_250' title='bbox 1350 3511 1390 3591; x_wconf 94' lang='lat' dir='ltr'><strong>in</strong></span> <span class='ocrx_word' id='word_1_251' title='bbox 1418 3510 1458 3593; x_wconf 92' lang='lat' dir='ltr'><strong><em>G</em></strong></span> <span class='ocrx_word' id='word_1_252' title='bbox 1480 3539 1495 3615; x_wconf 78' lang='lat'>3</span> <span class='ocrx_word' id='word_1_253' title='bbox 1526 3509 1635 3591; x_wconf 71' lang='lat' dir='ltr'><strong>rebla</strong></span> 
     </span>
     <span class='ocr_line' id='line_1_28' title="bbox 346 3620 1633 3733; baseline -0.009 -23"><span class='ocrx_word' id='word_1_254' title='bbox 346 3630 427 3710; x_wconf 92' lang='lat' dir='ltr'><strong>GF</strong></span> <span class='ocrx_word' id='word_1_255' title='bbox 450 3626 569 3713; x_wconf 67' lang='lat' dir='ltr'><strong>duda</strong></span> <span class='ocrx_word' id='word_1_256' title='bbox 590 3651 664 3730; x_wconf 86' lang='lat' dir='ltr'><strong>per</strong></span> <span class='ocrx_word' id='word_1_257' title='bbox 691 3620 837 3730; x_wconf 66' lang='lat' dir='ltr'><strong>ponda</strong></span> <span class='ocrx_word' id='word_1_258' title='bbox 872 3621 941 3728; x_wconf 88' lang='lat' dir='ltr'><strong>G,</strong></span> <span class='ocrx_word' id='word_1_259' title='bbox 967 3621 1009 3704; x_wconf 74' lang='lat' dir='ltr'><strong>bt</strong></span> <span class='ocrx_word' id='word_1_260' title='bbox 1029 3624 1069 3704; x_wconf 88' lang='lat' dir='ltr'><em>F</em></span> <span class='ocrx_word' id='word_1_261' title='bbox 1095 3625 1170 3707; x_wconf 88' lang='lat' dir='ltr'><strong>erit</strong></span> <span class='ocrx_word' id='word_1_262' title='bbox 1212 3625 1554 3733; x_wconf 89' lang='lat' dir='ltr'><strong>perpendicularis</strong></span> <span class='ocrx_word' id='word_1_263' title='bbox 1581 3620 1633 3702; x_wconf 87' lang='lat' dir='ltr'><strong>ad</strong></span> 
     </span>
     <span class='ocr_line' id='line_1_29' title="bbox 347 3738 1010 3854; baseline -0.006 -28"><span class='ocrx_word' id='word_1_264' title='bbox 347 3747 428 3827; x_wconf 83' lang='lat' dir='ltr'><strong>AB</strong></span> <span class='ocrx_word' id='word_1_265' title='bbox 450 3749 491 3828; x_wconf 91' lang='lat' dir='ltr'><strong>in</strong></span> <span class='ocrx_word' id='word_1_266' title='bbox 520 3742 665 3849; x_wconf 67' lang='lat' dir='ltr'><strong>pundo</strong></span> <span class='ocrx_word' id='word_1_267' title='bbox 692 3740 770 3850; x_wconf 88' lang='lat' dir='ltr'><strong>F(</strong></span> <span class='ocrx_word' id='word_1_268' title='bbox 799 3738 841 3854; x_wconf 92' lang='grc'><strong>5.</strong></span> <span class='ocrx_word' id='word_1_269' title='bbox 864 3764 951 3850; x_wconf 89' lang='grc'><strong>334</strong></span> <span class='ocrx_word' id='word_1_270' title='bbox 981 3739 1010 3850; x_wconf 88' lang='grc'><strong>).</strong></span> 
     </span>
    </p>

    <p class='ocr_par' dir='ltr' id='par_1_8' title="bbox 347 3853 1636 4087">
     <span class='ocr_line' id='line_1_30' title="bbox 408 3853 1636 3972; baseline -0.01 -28"><span class='ocrx_word' id='word_1_271' title='bbox 408 3885 496 3972; x_wconf 89' lang='grc'><strong>344</strong></span> <span class='ocrx_word' id='word_1_272' title='bbox 551 3862 707 3944; x_wconf 88' lang='lat' dir='ltr'><strong>Theor.</strong></span> <span class='ocrx_word' id='word_1_273' title='bbox 727 3882 768 3967; x_wconf 94' lang='grc'><strong>4.</strong></span> <span class='ocrx_word' id='word_1_274' title='bbox 788 3860 831 3941; x_wconf 88' lang='grc' dir='ltr'><em>Α</em></span> <span class='ocrx_word' id='word_1_275' title='bbox 841 3858 985 3965; x_wconf 71' lang='lat' dir='ltr'><strong>puello</strong></span> <span class='ocrx_word' id='word_1_276' title='bbox 1007 3858 1041 3941; x_wconf 87' lang='lat' dir='ltr'><em>F</em></span> <span class='ocrx_word' id='word_1_277' title='bbox 1067 3874 1226 3966; x_wconf 84' lang='lat' dir='ltr'><strong>sumpto</strong></span> <span class='ocrx_word' id='word_1_278' title='bbox 1247 3869 1288 3939; x_wconf 79' lang='lat' dir='ltr'><strong>in</strong></span> <span class='ocrx_word' id='word_1_279' title='bbox 1314 3866 1417 3937; x_wconf 80' lang='lat' dir='ltr'><strong>linea</strong></span> <span class='ocrx_word' id='word_1_280' title='bbox 1433 3853 1511 3936; x_wconf 83' lang='lat' dir='ltr'><strong>AB</strong></span> <span class='ocrx_word' id='word_1_281' title='bbox 1531 3861 1636 3960; x_wconf 78' lang='lat' dir='ltr'><strong>erigi</strong></span> 
     </span>
     <span class='ocr_line' id='line_1_31' title="bbox 347 3967 1634 4087; baseline -0.008 -23"><span class='ocrx_word' id='word_1_282' title='bbox 347 3991 484 4086; x_wconf 79' lang='lat' dir='ltr'><strong>nequit</strong></span> <span class='ocrx_word' id='word_1_283' title='bbox 516 3987 732 4087; x_wconf 83' lang='lat' dir='ltr'><strong>plusquam</strong></span> <span class='ocrx_word' id='word_1_284' title='bbox 775 3986 891 4061; x_wconf 83' lang='lat' dir='ltr'><strong>unica</strong></span> <span class='ocrx_word' id='word_1_285' title='bbox 932 3980 1289 4085; x_wconf 73' lang='lat' dir='ltr'><strong>perpendicularis·</strong></span> <span class='ocrx_word' id='word_1_286' title='bbox 1319 3972 1352 4051; x_wconf 88' lang='lat' dir='ltr'><em>F</em></span> <span class='ocrx_word' id='word_1_287' title='bbox 1354 3967 1394 4051; x_wconf 93' lang='lat' dir='ltr'>G</span> <span class='ocrx_word' id='word_1_288' title='bbox 1433 3972 1489 4053; x_wconf 85' lang='lat' dir='ltr'><strong>ad</strong></span> <span class='ocrx_word' id='word_1_289' title='bbox 1525 3977 1634 4055; x_wconf 82' lang='lat' dir='ltr'><strong>illam</strong></span> 
     </span>
    </p>

    <p class='ocr_par' dir='ltr' id='par_1_9' title="bbox 338 4107 1341 4183">
     <span class='ocr_line' id='line_1_32' title="bbox 338 4107 1341 4183; baseline -0.01 0"><span class='ocrx_word' id='word_1_290' title='bbox 338 4107 500 4183; x_wconf 70' lang='lat' dir='ltr'><strong>lineam.</strong></span> <span class='ocrx_word' id='word_1_291' title='bbox 1339 4120 1341 4125; x_wconf 89' lang='lat'>·</span> 
     </span>
    </p>
   </div>
   <div class='ocr_carea' id='block_1_4' title="bbox 436 4202 1630 4409">
    <p class='ocr_par' dir='ltr' id='par_1_10' title="bbox 436 4202 1630 4409">
     <span class='ocr_line' id='line_1_33' title="bbox 436 4202 1630 4409; baseline -0.008 -107"><span class='ocrx_word' id='word_1_292' title='bbox 436 4216 540 4306; x_wconf 89' lang='lat' dir='ltr'><strong>Cum</strong></span> <span class='ocrx_word' id='word_1_293' title='bbox 554 4220 605 4305; x_wconf 87' lang='lat' dir='ltr'><strong>sit</strong></span> <span class='ocrx_word' id='word_1_294' title='bbox 620 4217 697 4305; x_wconf 90' lang='lat' dir='ltr'><strong>FG</strong></span> <span class='ocrx_word' id='word_1_295' title='bbox 711 4207 1055 4325; x_wconf 83' lang='lat' dir='ltr'><strong>perpendicularis</strong></span> <span class='ocrx_word' id='word_1_296' title='bbox 1081 4204 1136 4293; x_wconf 85' lang='lat' dir='ltr'><strong>ad</strong></span> <span class='ocrx_word' id='word_1_297' title='bbox 1153 4202 1261 4315; x_wconf 82' lang='lat' dir='ltr'><strong>AB,</strong></span> <span class='ocrx_word' id='word_1_298' title='bbox 1287 4208 1363 4293; x_wconf 90' lang='lat' dir='ltr'><strong>erit</strong></span> <span class='ocrx_word' id='word_1_299' title='bbox 1390 4209 1630 4409; x_wconf 49' lang='grc' dir='ltr'><strong>ῐεᾶυεέῗέ</strong></span> 
     </span>
    </p>
   </div>
   <div class='ocr_carea' id='block_1_5' title="bbox 0 0 1904 5050">
    <p class='ocr_par' dir='ltr' id='par_1_11' title="bbox 0 0 1904 5050">
     <span class='ocr_line' id='line_1_34' title="bbox 0 0 1904 5050; baseline 0 2"><span class='ocrx_word' id='word_1_300' title='bbox 0 0 1904 5050; x_wconf 95' lang='lat' dir='ltr'><strong> </strong></span> 
     </span>
    </p>
   </div>
  </div>
 </body>
</html>
