<?xml version="1.0" encoding="UTF-8"?>
<!DOCTYPE html PUBLIC "-//W3C//DTD XHTML 1.0 Transitional//EN"
    "http://www.w3.org/TR/xhtml1/DTD/xhtml1-transitional.dtd">
<html xmlns="http://www.w3.org/1999/xhtml" xml:lang="en" lang="en">
 <head>
  <title>
</title>
<meta http-equiv="Content-Type" content="text/html;charset=utf-8" />
  <meta name='ocr-system' content='tesseract 3.04.00' />
  <meta name='ocr-capabilities' content='ocr_page ocr_carea ocr_par ocr_line ocrx_word'/>
</head>
<body>
  <div class='ocr_page' id='page_1' title='image "./tractatuspraeli00villgoog_0126.png"; bbox 0 0 3800 5050; ppageno 0'>
   <div class='ocr_carea' id='block_1_1' title="bbox 92 4263 328 4477">
    <p class='ocr_par' dir='ltr' id='par_1_1' title="bbox 92 4263 328 4498">
     <span class='ocr_line' id='line_1_1' title="bbox 92 4263 328 4391; baseline -0.072 7"><span class='ocrx_word' id='word_1_1' title='bbox 92 4263 328 4391; x_wconf 76' lang='grc'>’.,,</span> 
     </span>
     <span class='ocr_line' id='line_1_2' title="bbox 94 4400 99 4477; baseline 0 21"><span class='ocrx_word' id='word_1_2' title='bbox 94 4400 99 4477; x_wconf 75' lang='lat'>¹</span> 
     </span>
    </p>
   </div>
   <div class='ocr_carea' id='block_1_2' title="bbox 98 4521 119 4889">
    <p class='ocr_par' dir='ltr' id='par_1_2' title="bbox 98 4521 119 4889">
     <span class='ocr_line' id='line_1_3' title="bbox 98 4521 119 4889; baseline 0 0"><span class='ocrx_word' id='word_1_3' title='bbox 98 4521 119 4889; x_wconf 79' lang='lat' dir='ltr'>l</span> 
     </span>
    </p>
   </div>
   <div class='ocr_carea' id='block_1_3' title="bbox 475 393 1498 524">
    <p class='ocr_par' dir='ltr' id='par_1_3' title="bbox 475 393 1498 524">
     <span class='ocr_line' id='line_1_4' title="bbox 475 393 1498 524; baseline -0.002 -25"><span class='ocrx_word' id='word_1_4' title='bbox 475 475 480 478; x_wconf 84' lang='lat'>-</span> <span class='ocrx_word' id='word_1_5' title='bbox 520 399 604 499; x_wconf 83' lang='lat' dir='ltr'>De</span> <span class='ocrx_word' id='word_1_6' title='bbox 619 394 1088 507; x_wconf 80' lang='lat' dir='ltr'>Linearirmrratara</span> <span class='ocrx_word' id='word_1_7' title='bbox 1106 467 1122 524; x_wconf 91' lang='lat'>,</span> <span class='ocrx_word' id='word_1_8' title='bbox 1142 393 1248 512; x_wconf 73' lang='lat' dir='ltr'>&amp;a</span> <span class='ocrx_word' id='word_1_9' title='bbox 1398 422 1498 498; x_wconf 83' lang='lat'>121</span> 
     </span>
    </p>
   </div>
   <div class='ocr_carea' id='block_1_4' title="bbox 247 547 1644 1485">
    <p class='ocr_par' dir='ltr' id='par_1_4' title="bbox 247 547 1644 1268">
     <span class='ocr_line' id='line_1_5' title="bbox 310 547 1644 684; baseline 0 -30"><span class='ocrx_word' id='word_1_10' title='bbox 310 571 397 684; x_wconf 88' lang='grc'>996</span> <span class='ocrx_word' id='word_1_11' title='bbox 455 568 619 654; x_wconf 86' lang='lat' dir='ltr'>Definit.</span> <span class='ocrx_word' id='word_1_12' title='bbox 642 590 684 678; x_wconf 84' lang='lat'>7.</span> <span class='ocrx_word' id='word_1_13' title='bbox 716 562 760 652; x_wconf 88' lang='lat' dir='ltr'>Si</span> <span class='ocrx_word' id='word_1_14' title='bbox 784 564 894 650; x_wconf 71' lang='lat' dir='ltr'>reita</span> <span class='ocrx_word' id='word_1_15' title='bbox 919 565 1000 649; x_wconf 84' lang='lat' dir='ltr'>AC</span> <span class='ocrx_word' id='word_1_16' title='bbox 1020 563 1173 652; x_wconf 83' lang='lat' dir='ltr'>circum</span> <span class='ocrx_word' id='word_1_17' title='bbox 1199 567 1386 672; x_wconf 69' lang='lat' dir='ltr'>punitum</span> <span class='ocrx_word' id='word_1_18' title='bbox 1401 569 1439 653; x_wconf 88' lang='lat' dir='ltr'><em>C</em></span> <span class='ocrx_word' id='word_1_19' title='bbox 1454 597 1534 652; x_wconf 89' lang='lat' dir='ltr'>mo·</span> <span class='ocrx_word' id='word_1_20' title='bbox 1555 547 1644 655; x_wconf 59' lang='lat' dir='ltr'>Fli·</span> 
     </span>
     <span class='ocr_line' id='line_1_6' title="bbox 247 683 1540 801; baseline -0.005 -24"><span class='ocrx_word' id='word_1_21' title='bbox 247 690 373 796; x_wconf 90' lang='lat' dir='ltr'>bilis,</span> <span class='ocrx_word' id='word_1_22' title='bbox 393 689 491 773; x_wconf 88' lang='lat' dir='ltr'>facit</span> <span class='ocrx_word' id='word_1_23' title='bbox 514 691 709 801; x_wconf 87' lang='lat' dir='ltr'>integram</span> <span class='ocrx_word' id='word_1_24' title='bbox 732 686 884 768; x_wconf 89' lang='lat' dir='ltr'>circum</span> <span class='ocrx_word' id='word_1_25' title='bbox 902 683 1005 769; x_wconf 91' lang='lat' dir='ltr'>illud</span> <span class='ocrx_word' id='word_1_26' title='bbox 1025 685 1212 789; x_wconf 68' lang='lat' dir='ltr'>puntium</span> <span class='ocrx_word' id='word_1_27' title='bbox 1233 687 1540 796; x_wconf 87' lang='lat' dir='ltr'>revolutionem,</span> 
     </span>
     <span class='ocr_line' id='line_1_7' title="bbox 250 800 1539 920; baseline -0.005 -25"><span class='ocrx_word' id='word_1_28' title='bbox 250 809 337 920; x_wconf 84' lang='lat' dir='ltr'>ejus</span> <span class='ocrx_word' id='word_1_29' title='bbox 361 808 587 891; x_wconf 82' lang='lat' dir='ltr'><strong>extremitas</strong></span> <span class='ocrx_word' id='word_1_30' title='bbox 622 805 665 885; x_wconf 84' lang='lat' dir='ltr'><em>A</em></span> <span class='ocrx_word' id='word_1_31' title='bbox 701 800 900 886; x_wconf 84' lang='lat' dir='ltr'>describet</span> <span class='ocrx_word' id='word_1_32' title='bbox 938 824 1106 888; x_wconf 89' lang='lat' dir='ltr'>curvam</span> <span class='ocrx_word' id='word_1_33' title='bbox 1141 809 1349 912; x_wconf 83' lang='lat' dir='ltr'>clausam,</span> <span class='ocrx_word' id='word_1_34' title='bbox 1378 834 1448 891; x_wconf 91' lang='lat' dir='ltr'>seu</span> <span class='ocrx_word' id='word_1_35' title='bbox 1476 834 1539 889; x_wconf 84' lang='lat' dir='ltr'>re·</span> 
     </span>
     <span class='ocr_line' id='line_1_8' title="bbox 252 916 1538 1024; baseline -0.001 -14"><span class='ocrx_word' id='word_1_36' title='bbox 252 930 431 1011; x_wconf 77' lang='lat' dir='ltr'>deuotam</span> <span class='ocrx_word' id='word_1_37' title='bbox 450 919 704 1006; x_wconf 82' lang='lat' dir='ltr'><em>AEBFDA.</em></span> <span class='ocrx_word' id='word_1_38' title='bbox 718 931 722 936; x_wconf 87' lang='grc'><strong>’</strong></span> <span class='ocrx_word' id='word_1_39' title='bbox 736 916 919 1024; x_wconf 82' lang='lat' dir='ltr'>Spatium</span> <span class='ocrx_word' id='word_1_40' title='bbox 948 947 1020 1024; x_wconf 90' lang='lat' dir='ltr'>per</span> <span class='ocrx_word' id='word_1_41' title='bbox 1041 922 1146 1007; x_wconf 87' lang='lat' dir='ltr'>hanc</span> <span class='ocrx_word' id='word_1_42' title='bbox 1171 949 1338 1006; x_wconf 89' lang='lat' dir='ltr'>curvam</span> <span class='ocrx_word' id='word_1_43' title='bbox 1354 927 1538 1010; x_wconf 81' lang='lat' dir='ltr'>termina-</span> 
     </span>
     <span class='ocr_line' id='line_1_9' title="bbox 249 1037 1538 1150; baseline -0.002 -22"><span class='ocrx_word' id='word_1_44' title='bbox 249 1065 366 1150; x_wconf 89' lang='lat' dir='ltr'>tum,</span> <span class='ocrx_word' id='word_1_45' title='bbox 392 1043 536 1126; x_wconf 91' lang='lat' dir='ltr'>dicitur</span> <span class='ocrx_word' id='word_1_46' title='bbox 563 1047 754 1123; x_wconf 83' lang='lat' dir='ltr'>circulus.</span> <span class='ocrx_word' id='word_1_47' title='bbox 787 1037 926 1122; x_wconf 88' lang='lat' dir='ltr'>Curva</span> <span class='ocrx_word' id='word_1_48' title='bbox 955 1043 1167 1123; x_wconf 84' lang='lat' dir='ltr'>terminans</span> <span class='ocrx_word' id='word_1_49' title='bbox 1180 1043 1416 1149; x_wconf 79' lang='lat' dir='ltr'>peripheria</span> <span class='ocrx_word' id='word_1_50' title='bbox 1435 1103 1448 1148; x_wconf 91' lang='lat'>,</span> <span class='ocrx_word' id='word_1_51' title='bbox 1469 1063 1538 1128; x_wconf 86' lang='lat' dir='ltr'>aut</span> 
     </span>
     <span class='ocr_line' id='line_1_10' title="bbox 249 1153 1263 1268; baseline -0.006 -20"><span class='ocrx_word' id='word_1_52' title='bbox 249 1160 606 1268; x_wconf 83' lang='lat' dir='ltr'>circumferentia:</span> <span class='ocrx_word' id='word_1_53' title='bbox 638 1153 882 1262; x_wconf 69' lang='lat' dir='ltr'>pundumC</span> <span class='ocrx_word' id='word_1_54' title='bbox 908 1168 1088 1251; x_wconf 76' lang='lat' dir='ltr'>centrum</span> <span class='ocrx_word' id='word_1_55' title='bbox 1107 1159 1263 1242; x_wconf 88' lang='lat' dir='ltr'>circuli.</span> 
     </span>
    </p>

    <p class='ocr_par' dir='ltr' id='par_1_5' title="bbox 249 1271 1539 1485">
     <span class='ocr_line' id='line_1_11' title="bbox 254 1271 1538 1392; baseline 0 -27"><span class='ocrx_word' id='word_1_56' title='bbox 254 1373 258 1378; x_wconf 49' lang='grc'>,</span> <span class='ocrx_word' id='word_1_57' title='bbox 312 1303 400 1392; x_wconf 80' lang='grc'>997</span> <span class='ocrx_word' id='word_1_58' title='bbox 457 1277 621 1364; x_wconf 80' lang='lat' dir='ltr'>Definit</span> <span class='ocrx_word' id='word_1_59' title='bbox 641 1277 680 1360; x_wconf 90' lang='lat'>8.</span> <span class='ocrx_word' id='word_1_60' title='bbox 713 1273 840 1359; x_wconf 88' lang='lat' dir='ltr'>Linea</span> <span class='ocrx_word' id='word_1_61' title='bbox 868 1271 974 1380; x_wconf 84' lang='lat' dir='ltr'>CA,</span> <span class='ocrx_word' id='word_1_62' title='bbox 1008 1273 1050 1356; x_wconf 83' lang='lat' dir='ltr'>dt</span> <span class='ocrx_word' id='word_1_63' title='bbox 1079 1273 1267 1379; x_wconf 85' lang='lat' dir='ltr'>quaelibet</span> <span class='ocrx_word' id='word_1_64' title='bbox 1294 1278 1376 1363; x_wconf 90' lang='lat' dir='ltr'>alia</span> <span class='ocrx_word' id='word_1_65' title='bbox 1416 1279 1538 1388; x_wconf 74' lang='lat' dir='ltr'>retia,</span> 
     </span>
     <span class='ocr_line' id='line_1_12' title="bbox 249 1389 1539 1485; baseline 0.001 -4"><span class='ocrx_word' id='word_1_66' title='bbox 249 1395 369 1483; x_wconf 73' lang='lat' dir='ltr'>doda</span> <span class='ocrx_word' id='word_1_67' title='bbox 401 1393 428 1482; x_wconf 76' lang='lat' dir='ltr'>b</span> <span class='ocrx_word' id='word_1_68' title='bbox 456 1393 776 1479; x_wconf 88' lang='lat' dir='ltr'>circumferentia</span> <span class='ocrx_word' id='word_1_69' title='bbox 814 1390 869 1476; x_wconf 88' lang='lat' dir='ltr'>ad</span> <span class='ocrx_word' id='word_1_70' title='bbox 905 1409 1086 1474; x_wconf 90' lang='lat' dir='ltr'>centrum</span> <span class='ocrx_word' id='word_1_71' title='bbox 1119 1389 1334 1485; x_wconf 81' lang='lat' dir='ltr'>Ocirculi</span> <span class='ocrx_word' id='word_1_72' title='bbox 1368 1419 1539 1484; x_wconf 86' lang='lat' dir='ltr'>vocatur</span> 
     </span>
    </p>
   </div>
   <div class='ocr_carea' id='block_1_5' title="bbox 1576 900 1602 958">
    <p class='ocr_par' dir='ltr' id='par_1_6' title="bbox 1576 900 1602 958">
     <span class='ocr_line' id='line_1_13' title="bbox 1576 900 1602 958; baseline 0 0"><span class='ocrx_word' id='word_1_73' title='bbox 1576 900 1602 958; x_wconf 86' lang='lat'>2</span> 
     </span>
    </p>
   </div>
   <div class='ocr_carea' id='block_1_6' title="bbox 151 1507 1668 1640">
    <p class='ocr_par' dir='ltr' id='par_1_7' title="bbox 151 1507 1668 1640">
     <span class='ocr_line' id='line_1_14' title="bbox 151 1507 1668 1640; baseline 0.004 -43"><span class='ocrx_word' id='word_1_74' title='bbox 151 1564 154 1569; x_wconf 91' lang='lat'>·</span> <span class='ocrx_word' id='word_1_75' title='bbox 225 1516 429 1620; x_wconf 71' lang='lat' dir='ltr'>radias,</span> <span class='ocrx_word' id='word_1_76' title='bbox 457 1512 501 1594; x_wconf 84' lang='lat' dir='ltr'>dt</span> <span class='ocrx_word' id='word_1_77' title='bbox 524 1511 631 1596; x_wconf 85' lang='lat' dir='ltr'>linea</span> <span class='ocrx_word' id='word_1_78' title='bbox 650 1512 789 1618; x_wconf 78' lang='lat' dir='ltr'>ACF,</span> <span class='ocrx_word' id='word_1_79' title='bbox 819 1510 911 1594; x_wconf 60' lang='lat' dir='ltr'>hoc&gt;</span> <span class='ocrx_word' id='word_1_80' title='bbox 926 1529 986 1592; x_wconf 87' lang='lat' dir='ltr'>est</span> <span class='ocrx_word' id='word_1_81' title='bbox 1005 1507 1145 1592; x_wconf 88' lang='lat' dir='ltr'>radius</span> <span class='ocrx_word' id='word_1_82' title='bbox 1174 1507 1253 1592; x_wconf 86' lang='lat' dir='ltr'>AC</span> <span class='ocrx_word' id='word_1_83' title='bbox 1276 1509 1538 1630; x_wconf 84' lang='lat' dir='ltr'>prolongatus</span> <span class='ocrx_word' id='word_1_84' title='bbox 1663 1630 1668 1640; x_wconf 25' lang='grc' dir='ltr'><strong><em>Ι</em></strong></span> 
     </span>
    </p>
   </div>
   <div class='ocr_carea' id='block_1_7' title="bbox 233 1625 1720 3276">
    <p class='ocr_par' dir='ltr' id='par_1_8' title="bbox 233 1625 1720 3276">
     <span class='ocr_line' id='line_1_15' title="bbox 247 1625 1449 1732; baseline 0.002 -17"><span class='ocrx_word' id='word_1_85' title='bbox 247 1625 276 1715; x_wconf 76' lang='lat' dir='ltr'>d</span> <span class='ocrx_word' id='word_1_86' title='bbox 304 1650 445 1714; x_wconf 87' lang='lat' dir='ltr'>centro</span> <span class='ocrx_word' id='word_1_87' title='bbox 461 1627 499 1714; x_wconf 82' lang='lat' dir='ltr'><em>C</em></span> <span class='ocrx_word' id='word_1_88' title='bbox 518 1655 645 1732; x_wconf 88' lang='lat' dir='ltr'>usque</span> <span class='ocrx_word' id='word_1_89' title='bbox 670 1629 725 1710; x_wconf 87' lang='lat' dir='ltr'>ad</span> <span class='ocrx_word' id='word_1_90' title='bbox 751 1628 1052 1732; x_wconf 83' lang='lat' dir='ltr'>peripherianr,</span> <span class='ocrx_word' id='word_1_91' title='bbox 1073 1625 1223 1709; x_wconf 91' lang='lat' dir='ltr'>dicitur</span> <span class='ocrx_word' id='word_1_92' title='bbox 1241 1629 1449 1717; x_wconf 79' lang='lat' dir='ltr'>diameter.</span> 
     </span>
     <span class='ocr_line' id='line_1_16' title="bbox 314 1745 1538 1865; baseline 0.007 -35"><span class='ocrx_word' id='word_1_93' title='bbox 314 1749 401 1858; x_wconf 86' lang='grc'>998</span> <span class='ocrx_word' id='word_1_94' title='bbox 461 1745 626 1830; x_wconf 85' lang='lat' dir='ltr'>Coroll.-</span> <span class='ocrx_word' id='word_1_95' title='bbox 642 1771 677 1826; x_wconf 88' lang='lat'>1.</span> <span class='ocrx_word' id='word_1_96' title='bbox 700 1745 814 1856; x_wconf 87' lang='lat' dir='ltr'>Ergo</span> <span class='ocrx_word' id='word_1_97' title='bbox 830 1745 1004 1849; x_wconf 72' lang='lat' dir='ltr'>aequales</span> <span class='ocrx_word' id='word_1_98' title='bbox 1030 1765 1120 1828; x_wconf 90' lang='lat' dir='ltr'>sunt</span> <span class='ocrx_word' id='word_1_99' title='bbox 1144 1771 1280 1830; x_wconf 91' lang='lat' dir='ltr'>omnes</span> <span class='ocrx_word' id='word_1_100' title='bbox 1299 1750 1402 1832; x_wconf 90' lang='lat' dir='ltr'>radii</span> <span class='ocrx_word' id='word_1_101' title='bbox 1430 1749 1538 1865; x_wconf 87' lang='lat' dir='ltr'>ejus-</span> 
     </span>
     <span class='ocr_line' id='line_1_17' title="bbox 248 1860 1539 1979; baseline 0.006 -33"><span class='ocrx_word' id='word_1_102' title='bbox 248 1864 347 1946; x_wconf 87' lang='lat' dir='ltr'>dem</span> <span class='ocrx_word' id='word_1_103' title='bbox 389 1861 578 1966; x_wconf 88' lang='lat' dir='ltr'>circuli,</span> <span class='ocrx_word' id='word_1_104' title='bbox 609 1862 718 1946; x_wconf 76' lang='lat' dir='ltr'>cum‘</span> <span class='ocrx_word' id='word_1_105' title='bbox 741 1860 853 1944; x_wconf 78' lang='lat' dir='ltr'>allud</span> <span class='ocrx_word' id='word_1_106' title='bbox 883 1861 939 1943; x_wconf 89' lang='lat' dir='ltr'>nil</span> <span class='ocrx_word' id='word_1_107' title='bbox 971 1879 1103 1967; x_wconf 88' lang='lat' dir='ltr'>sunt,</span> <span class='ocrx_word' id='word_1_108' title='bbox 1146 1889 1266 1970; x_wconf 88' lang='lat' dir='ltr'>quam</span> <span class='ocrx_word' id='word_1_109' title='bbox 1302 1868 1411 1953; x_wconf 72' lang='lat' dir='ltr'>recia</span> <span class='ocrx_word' id='word_1_110' title='bbox 1450 1867 1539 1979; x_wconf 68' lang='lat' dir='ltr'>AC,</span> 
     </span>
     <span class='ocr_line' id='line_1_18' title="bbox 246 1975 1537 2102; baseline 0.009 -42"><span class='ocrx_word' id='word_1_111' title='bbox 246 1979 278 2088; x_wconf 76' lang='grc'>(“</span> <span class='ocrx_word' id='word_1_112' title='bbox 304 1976 346 2092; x_wconf 92' lang='grc'>9</span> <span class='ocrx_word' id='word_1_113' title='bbox 360 1977 455 2090; x_wconf 81' lang='grc'>996</span> <span class='ocrx_word' id='word_1_114' title='bbox 485 1979 563 2088; x_wconf 68' lang='lat' dir='ltr'>p&amp;</span> <span class='ocrx_word' id='word_1_115' title='bbox 597 1979 785 2086; x_wconf 90' lang='lat' dir='ltr'>quoniam</span> <span class='ocrx_word' id='word_1_116' title='bbox 806 1977 1001 2062; x_wconf 81' lang='lat' dir='ltr'>diameter</span> <span class='ocrx_word' id='word_1_117' title='bbox 1036 1975 1191 2064; x_wconf 90' lang='lat' dir='ltr'>duobus</span> <span class='ocrx_word' id='word_1_118' title='bbox 1211 1983 1373 2097; x_wconf 86' lang='lat' dir='ltr'>radiis(</span> <span class='ocrx_word' id='word_1_119' title='bbox 1405 2011 1490 2101; x_wconf 77' lang='lat'>297</span> <span class='ocrx_word' id='word_1_120' title='bbox 1520 1991 1537 2102; x_wconf 91' lang='lat'>)</span> 
     </span>
     <span class='ocr_line' id='line_1_19' title="bbox 253 2096 1540 2208; baseline 0.012 -30"><span class='ocrx_word' id='word_1_121' title='bbox 253 2114 413 2179; x_wconf 83' lang='lat' dir='ltr'>constat</span> <span class='ocrx_word' id='word_1_122' title='bbox 431 2156 444 2200; x_wconf 97' lang='lat'>,</span> <span class='ocrx_word' id='word_1_123' title='bbox 464 2097 649 2178; x_wconf 83' lang='lat' dir='ltr'>diametri</span> <span class='ocrx_word' id='word_1_124' title='bbox 674 2122 809 2199; x_wconf 90' lang='lat' dir='ltr'>omnes</span> <span class='ocrx_word' id='word_1_125' title='bbox 830 2096 1005 2204; x_wconf 84' lang='lat' dir='ltr'>aequales</span> <span class='ocrx_word' id='word_1_126' title='bbox 1039 2117 1179 2207; x_wconf 82' lang='lat' dir='ltr'>erunt3</span> <span class='ocrx_word' id='word_1_127' title='bbox 1199 2129 1255 2186; x_wconf 87' lang='lat' dir='ltr'>ac.</span> <span class='ocrx_word' id='word_1_128' title='bbox 1279 2107 1446 2208; x_wconf 83' lang='lat' dir='ltr'>proinde</span> <span class='ocrx_word' id='word_1_129' title='bbox 1463 2134 1540 2192; x_wconf 73' lang='lat' dir='ltr'>om-</span> 
     </span>
     <span class='ocr_line' id='line_1_20' title="bbox 241 2211 1466 2320; baseline 0.011 -23"><span class='ocrx_word' id='word_1_130' title='bbox 241 2220 316 2297; x_wconf 81' lang='lat' dir='ltr'>nia</span> <span class='ocrx_word' id='word_1_131' title='bbox 328 2213 578 2320; x_wconf 68' lang='lat' dir='ltr'>peripheria?</span> <span class='ocrx_word' id='word_1_132' title='bbox 593 2211 742 2320; x_wconf 77' lang='lat' dir='ltr'>puaiia</span> <span class='ocrx_word' id='word_1_133' title='bbox 760 2215 975 2319; x_wconf 66' lang='lat' dir='ltr'>aaualiter</span> <span class='ocrx_word' id='word_1_134' title='bbox 990 2215 1168 2299; x_wconf 71' lang='lat' dir='ltr'>trenaro</span> <span class='ocrx_word' id='word_1_135' title='bbox 1189 2219 1466 2311; x_wconf 65' lang='lat' dir='ltr'>Cdiriaburrt:</span> 
     </span>
     <span class='ocr_line' id='line_1_21' title="bbox 247 2329 1541 2452; baseline 0.015 -40"><span class='ocrx_word' id='word_1_136' title='bbox 247 2355 296 2398; x_wconf 68' lang='grc' dir='ltr'>’π</span> <span class='ocrx_word' id='word_1_137' title='bbox 315 2355 400 2439; x_wconf 94' lang='grc'>999</span> <span class='ocrx_word' id='word_1_138' title='bbox 460 2329 614 2414; x_wconf 87' lang='lat' dir='ltr'>Coroll.</span> <span class='ocrx_word' id='word_1_139' title='bbox 636 2359 674 2414; x_wconf 92' lang='grc'>9.</span> <span class='ocrx_word' id='word_1_140' title='bbox 697 2329 904 2415; x_wconf 87' lang='lat' dir='ltr'>Diameter</span> <span class='ocrx_word' id='word_1_141' title='bbox 932 2331 1015 2413; x_wconf 77' lang='lat' dir='ltr'>Ar</span> <span class='ocrx_word' id='word_1_142' title='bbox 1050 2333 1195 2418; x_wconf 91' lang='lat' dir='ltr'>dividit</span> <span class='ocrx_word' id='word_1_143' title='bbox 1235 2343 1459 2452; x_wconf 89' lang='lat' dir='ltr'>circulum,</span> <span class='ocrx_word' id='word_1_144' title='bbox 1499 2344 1541 2432; x_wconf 80' lang='lat' dir='ltr'>dt</span> 
     </span>
     <span class='ocr_line' id='line_1_22' title="bbox 242 2443 1542 2556; baseline 0.012 -24"><span class='ocrx_word' id='word_1_145' title='bbox 242 2443 616 2532; x_wconf 73' lang='lat' dir='ltr'>circumferentiam</span> <span class='ocrx_word' id='word_1_146' title='bbox 641 2446 798 2551; x_wconf 84' lang='lat' dir='ltr'>induas</span> <span class='ocrx_word' id='word_1_147' title='bbox 822 2469 957 2553; x_wconf 89' lang='lat' dir='ltr'>partes</span> <span class='ocrx_word' id='word_1_148' title='bbox 981 2449 1166 2556; x_wconf 76' lang='lat' dir='ltr'>aquales.</span> <span class='ocrx_word' id='word_1_149' title='bbox 1185 2453 1296 2540; x_wconf 89' lang='lat' dir='ltr'>Nam</span> <span class='ocrx_word' id='word_1_150' title='bbox 1310 2463 1343 2542; x_wconf 92' lang='lat' dir='ltr'>si</span> <span class='ocrx_word' id='word_1_151' title='bbox 1359 2465 1542 2550; x_wconf 79' lang='lat' dir='ltr'>semidia-</span> 
     </span>
     <span class='ocr_line' id='line_1_23' title="bbox 246 2563 1670 2675; baseline 0.011 -27"><span class='ocrx_word' id='word_1_152' title='bbox 246 2582 407 2671; x_wconf 86' lang='lat' dir='ltr'>meter,</span> <span class='ocrx_word' id='word_1_153' title='bbox 433 2585 506 2649; x_wconf 85' lang='lat' dir='ltr'>aut</span> <span class='ocrx_word' id='word_1_154' title='bbox 531 2564 667 2660; x_wconf 83' lang='lat' dir='ltr'>radius</span> <span class='ocrx_word' id='word_1_155' title='bbox 687 2563 762 2647; x_wconf 81' lang='lat' dir='ltr'>CA</span> <span class='ocrx_word' id='word_1_156' title='bbox 781 2593 938 2649; x_wconf 90' lang='lat' dir='ltr'>omnem</span> <span class='ocrx_word' id='word_1_157' title='bbox 957 2568 1152 2651; x_wconf 88' lang='lat' dir='ltr'>circulum</span> <span class='ocrx_word' id='word_1_158' title='bbox 1164 2572 1235 2675; x_wconf 81' lang='lat' dir='ltr'>,dt</span> <span class='ocrx_word' id='word_1_159' title='bbox 1257 2576 1543 2663; x_wconf 77' lang='lat' dir='ltr'>circumferen-</span> <span class='ocrx_word' id='word_1_160' title='bbox 1663 2596 1670 2600; x_wconf 75' lang='grc'><strong>“</strong></span> 
     </span>
     <span class='ocr_line' id='line_1_24' title="bbox 233 2678 1606 2809; baseline 0.007 -40"><span class='ocrx_word' id='word_1_161' title='bbox 233 2687 348 2769; x_wconf 78' lang='lat' dir='ltr'>tiam</span> <span class='ocrx_word' id='word_1_162' title='bbox 382 2682 627 2767; x_wconf 83' lang='lat' dir='ltr'><em>AEBFDA</em></span> <span class='ocrx_word' id='word_1_163' title='bbox 658 2679 676 2791; x_wconf 91' lang='lat'><strong>(</strong></span> <span class='ocrx_word' id='word_1_164' title='bbox 705 2678 853 2795; x_wconf 87' lang='grc'>9996</span> <span class='ocrx_word' id='word_1_165' title='bbox 884 2682 1076 2798; x_wconf 78' lang='lat' dir='ltr'>&gt;integra</span> <span class='ocrx_word' id='word_1_166' title='bbox 1103 2687 1165 2767; x_wconf 90' lang='lat' dir='ltr'>sui</span> <span class='ocrx_word' id='word_1_167' title='bbox 1193 2691 1443 2777; x_wconf 80' lang='lat' dir='ltr'>revolutione</span> <span class='ocrx_word' id='word_1_168' title='bbox 1470 2698 1539 2779; x_wconf 81' lang='lat' dir='ltr'>de·</span> <span class='ocrx_word' id='word_1_169' title='bbox 1580 2724 1606 2809; x_wconf 83' lang='lat'>3</span> 
     </span>
     <span class='ocr_line' id='line_1_25' title="bbox 233 2799 1543 2911; baseline 0.007 -22"><span class='ocrx_word' id='word_1_170' title='bbox 233 2799 418 2909; x_wconf 77' lang='lat' dir='ltr'>scribit,</span> <span class='ocrx_word' id='word_1_171' title='bbox 437 2820 549 2907; x_wconf 86' lang='lat' dir='ltr'>paret</span> <span class='ocrx_word' id='word_1_172' title='bbox 576 2799 688 2907; x_wconf 90' lang='lat' dir='ltr'>quod</span> <span class='ocrx_word' id='word_1_173' title='bbox 718 2827 790 2885; x_wconf 86' lang='lat' dir='ltr'>sua</span> <span class='ocrx_word' id='word_1_174' title='bbox 810 2801 1185 2911; x_wconf 78' lang='lat' dir='ltr'>semirevolutione,</span> <span class='ocrx_word' id='word_1_175' title='bbox 1211 2804 1306 2888; x_wconf 89' lang='lat' dir='ltr'>dum</span> <span class='ocrx_word' id='word_1_176' title='bbox 1335 2813 1374 2891; x_wconf 88' lang='lat' dir='ltr'>in</span> <span class='ocrx_word' id='word_1_177' title='bbox 1400 2811 1543 2899; x_wconf 89' lang='lat' dir='ltr'>eadem</span> 
     </span>
     <span class='ocr_line' id='line_1_26' title="bbox 243 2916 1542 3039; baseline 0.005 -31"><span class='ocrx_word' id='word_1_178' title='bbox 243 2937 389 3008; x_wconf 88' lang='lat' dir='ltr'>secum</span> <span class='ocrx_word' id='word_1_179' title='bbox 427 2916 645 3002; x_wconf 69' lang='lat' dir='ltr'>diretiione</span> <span class='ocrx_word' id='word_1_180' title='bbox 685 2936 893 3023; x_wconf 89' lang='lat' dir='ltr'>ponatur,</span> <span class='ocrx_word' id='word_1_181' title='bbox 922 2944 973 3003; x_wconf 88' lang='lat' dir='ltr'>ac</span> <span class='ocrx_word' id='word_1_182' title='bbox 1011 2918 1252 3007; x_wconf 88' lang='lat' dir='ltr'>diametrum·</span> <span class='ocrx_word' id='word_1_183' title='bbox 1279 2924 1363 3007; x_wconf 74' lang='lat' dir='ltr'>Aa</span> <span class='ocrx_word' id='word_1_184' title='bbox 1386 2926 1542 3039; x_wconf 88' lang='lat' dir='ltr'>formet,</span> 
     </span>
     <span class='ocr_line' id='line_1_27' title="bbox 236 3032 1550 3153; baseline 0.007 -31"><span class='ocrx_word' id='word_1_185' title='bbox 236 3040 291 3149; x_wconf 77' lang='lat'>(³</span> <span class='ocrx_word' id='word_1_186' title='bbox 294 3037 340 3153; x_wconf 87' lang='grc'>9</span> <span class='ocrx_word' id='word_1_187' title='bbox 363 3036 497 3149; x_wconf 73' lang='grc'>997.)</span> <span class='ocrx_word' id='word_1_188' title='bbox 525 3033 793 3141; x_wconf 84' lang='lat' dir='ltr'>proculdubio</span> <span class='ocrx_word' id='word_1_189' title='bbox 827 3032 1028 3121; x_wconf 81' lang='lat' dir='ltr'>describet</span> <span class='ocrx_word' id='word_1_190' title='bbox 1061 3041 1354 3127; x_wconf 89' lang='lat' dir='ltr'>semicirculum</span> <span class='ocrx_word' id='word_1_191' title='bbox 1388 3048 1550 3137; x_wconf 79' lang='lat' dir='ltr'><em>AEBF</em></span> 
     </span>
     <span class='ocr_line' id='line_1_28' title="bbox 242 3154 1720 3276; baseline 0.008 -37"><span class='ocrx_word' id='word_1_192' title='bbox 242 3156 325 3239; x_wconf 85' lang='lat' dir='ltr'>CA</span> <span class='ocrx_word' id='word_1_193' title='bbox 342 3216 355 3259; x_wconf 95' lang='lat'>,</span> <span class='ocrx_word' id='word_1_194' title='bbox 372 3158 415 3239; x_wconf 77' lang='lat' dir='ltr'>dt</span> <span class='ocrx_word' id='word_1_195' title='bbox 431 3154 890 3240; x_wconf 83' lang='lat' dir='ltr'>semicircumferentianr</span> <span class='ocrx_word' id='word_1_196' title='bbox 914 3156 1101 3264; x_wconf 76' lang='lat' dir='ltr'><em>AEBF3</em></span> <span class='ocrx_word' id='word_1_197' title='bbox 1122 3158 1170 3240; x_wconf 83' lang='lat' dir='ltr'>er</span> <span class='ocrx_word' id='word_1_198' title='bbox 1198 3188 1278 3269; x_wconf 91' lang='lat' dir='ltr'>quo</span> <span class='ocrx_word' id='word_1_199' title='bbox 1318 3165 1543 3276; x_wconf 86' lang='lat' dir='ltr'>deducitur,</span> <span class='ocrx_word' id='word_1_200' title='bbox 1596 3266 1598 3271; x_wconf 8' lang='grc' dir='ltr'><strong>ἢ</strong></span> <span class='ocrx_word' id='word_1_201' title='bbox 1718 3186 1720 3192; x_wconf 84' lang='grc'><em>·</em></span> 
     </span>
    </p>
   </div>
   <div class='ocr_carea' id='block_1_8' title="bbox 242 3272 1792 3390">
    <p class='ocr_par' dir='ltr' id='par_1_9' title="bbox 242 3272 1792 3390">
     <span class='ocr_line' id='line_1_29' title="bbox 242 3272 1792 3390; baseline 0.015 -39"><span class='ocrx_word' id='word_1_202' title='bbox 242 3272 366 3374; x_wconf 81' lang='lat' dir='ltr'>quod</span> <span class='ocrx_word' id='word_1_203' title='bbox 386 3290 515 3377; x_wconf 82' lang='lat' dir='ltr'>supra</span> <span class='ocrx_word' id='word_1_204' title='bbox 531 3273 690 3356; x_wconf 73' lang='lat' dir='ltr'>retiam</span> <span class='ocrx_word' id='word_1_205' title='bbox 708 3275 948 3380; x_wconf 78' lang='lat' dir='ltr'>quamlibet,</span> <span class='ocrx_word' id='word_1_206' title='bbox 967 3282 1246 3383; x_wconf 83' lang='lat' dir='ltr'>prolongatam</span> <span class='ocrx_word' id='word_1_207' title='bbox 1263 3288 1301 3361; x_wconf 88' lang='lat' dir='ltr'>si</span> <span class='ocrx_word' id='word_1_208' title='bbox 1324 3300 1432 3389; x_wconf 63' lang='lat' dir='ltr'>opus*</span> <span class='ocrx_word' id='word_1_209' title='bbox 1440 3283 1546 3390; x_wconf 87' lang='lat' dir='ltr'>fue·-</span> <span class='ocrx_word' id='word_1_210' title='bbox 1662 3366 1666 3371; x_wconf 86' lang='lat'><em>.</em></span> <span class='ocrx_word' id='word_1_211' title='bbox 1788 3294 1792 3297; x_wconf 79' lang='grc'><strong>’</strong></span> 
     </span>
    </p>
   </div>
   <div class='ocr_carea' id='block_1_9' title="bbox 233 3388 1643 4451">
    <p class='ocr_par' dir='ltr' id='par_1_10' title="bbox 250 3388 1601 3510">
     <span class='ocr_line' id='line_1_30' title="bbox 250 3388 1601 3510; baseline 0.013 -42"><span class='ocrx_word' id='word_1_212' title='bbox 250 3390 342 3489; x_wconf 87' lang='lat' dir='ltr'>rit,</span> <span class='ocrx_word' id='word_1_213' title='bbox 358 3388 531 3471; x_wconf 85' lang='lat' dir='ltr'>describi</span> <span class='ocrx_word' id='word_1_214' title='bbox 542 3398 699 3495; x_wconf 85' lang='lat' dir='ltr'>poterit</span> <span class='ocrx_word' id='word_1_215' title='bbox 713 3396 986 3483; x_wconf 78' lang='lat' dir='ltr'>semicirculus</span> <span class='ocrx_word' id='word_1_216' title='bbox 1002 3393 1182 3498; x_wconf 73' lang='lat' dir='ltr'>ipaniio</span> <span class='ocrx_word' id='word_1_217' title='bbox 1198 3396 1234 3479; x_wconf 86' lang='lat' dir='ltr'>C</span> <span class='ocrx_word' id='word_1_218' title='bbox 1251 3405 1292 3479; x_wconf 86' lang='lat' dir='ltr'>ir</span> <span class='ocrx_word' id='word_1_219' title='bbox 1312 3426 1358 3481; x_wconf 86' lang='lat' dir='ltr'>ea</span> <span class='ocrx_word' id='word_1_220' title='bbox 1376 3420 1548 3510; x_wconf 76' lang='lat' dir='ltr'>sumpta.</span> <span class='ocrx_word' id='word_1_221' title='bbox 1599 3468 1601 3475; x_wconf 89' lang='lat'><em>.</em></span> 
     </span>
    </p>

    <p class='ocr_par' dir='ltr' id='par_1_11' title="bbox 240 3503 1547 3625">
     <span class='ocr_line' id='line_1_31' title="bbox 240 3503 1545 3625; baseline 0.011 -42"><span class='ocrx_word' id='word_1_222' title='bbox 240 3578 243 3583; x_wconf 86' lang='lat'>.</span> <span class='ocrx_word' id='word_1_223' title='bbox 315 3525 405 3611; x_wconf 81' lang='lat'>300</span> <span class='ocrx_word' id='word_1_224' title='bbox 464 3503 619 3589; x_wconf 87' lang='lat' dir='ltr'>Coroll.</span> <span class='ocrx_word' id='word_1_225' title='bbox 640 3523 677 3615; x_wconf 79' lang='lat'>3&#39;.</span> <span class='ocrx_word' id='word_1_226' title='bbox 701 3505 1040 3591; x_wconf 85' lang='lat' dir='ltr'>Circumfetentiae</span> <span class='ocrx_word' id='word_1_227' title='bbox 1065 3510 1264 3618; x_wconf 88' lang='lat' dir='ltr'>duorum,</span> <span class='ocrx_word' id='word_1_228' title='bbox 1283 3537 1352 3600; x_wconf 88' lang='lat' dir='ltr'>aut</span> <span class='ocrx_word' id='word_1_229' title='bbox 1371 3521 1545 3625; x_wconf 89' lang='lat' dir='ltr'>plurium</span> 
     </span>
    </p>

    <p class='ocr_par' dir='ltr' id='par_1_12' title="bbox 236 3620 1545 3729">
     <span class='ocr_line' id='line_1_32' title="bbox 236 3620 1545 3729; baseline 0.012 -23"><span class='ocrx_word' id='word_1_230' title='bbox 236 3620 500 3707; x_wconf 83' lang='lat' dir='ltr'>circulorum</span> <span class='ocrx_word' id='word_1_231' title='bbox 528 3624 871 3706; x_wconf 89' lang='lat' dir='ltr'>concentricorum</span> <span class='ocrx_word' id='word_1_232' title='bbox 890 3626 1002 3729; x_wconf 78' lang='lat' dir='ltr'>,qui</span> <span class='ocrx_word' id='word_1_233' title='bbox 1033 3629 1189 3710; x_wconf 85' lang='lat' dir='ltr'>scilicet</span> <span class='ocrx_word' id='word_1_234' title='bbox 1217 3654 1395 3720; x_wconf 88' lang='lat' dir='ltr'>centrum</span> <span class='ocrx_word' id='word_1_235' title='bbox 1412 3640 1452 3719; x_wconf 92' lang='lat' dir='ltr'>in</span> <span class='ocrx_word' id='word_1_236' title='bbox 1472 3658 1545 3719; x_wconf 80' lang='lat' dir='ltr'>eo&#39;-</span> 
     </span>
    </p>

    <p class='ocr_par' dir='ltr' id='par_1_13' title="bbox 233 3735 1643 3863">
     <span class='ocr_line' id='line_1_33' title="bbox 233 3735 1643 3863; baseline 0.013 -41"><span class='ocrx_word' id='word_1_237' title='bbox 233 3739 346 3823; x_wconf 38' lang='lat' dir='ltr'>‘dem</span> <span class='ocrx_word' id='word_1_238' title='bbox 373 3738 522 3845; x_wconf 71' lang='lat' dir='ltr'>pundo</span> <span class='ocrx_word' id='word_1_239' title='bbox 553 3738 590 3821; x_wconf 88' lang='lat' dir='ltr'><em>C</em></span> <span class='ocrx_word' id='word_1_240' title='bbox 618 3735 792 3848; x_wconf 86' lang='lat' dir='ltr'>habeant</span> <span class='ocrx_word' id='word_1_241' title='bbox 812 3801 825 3844; x_wconf 88' lang='lat'>,</span> <span class='ocrx_word' id='word_1_242' title='bbox 846 3762 1047 3847; x_wconf 82' lang='lat' dir='ltr'>nequeunt</span> <span class='ocrx_word' id='word_1_243' title='bbox 1080 3772 1125 3828; x_wconf 85' lang='lat' dir='ltr'>se</span> <span class='ocrx_word' id='word_1_244' title='bbox 1152 3749 1423 3861; x_wconf 86' lang='lat' dir='ltr'>intersecare,</span> <span class='ocrx_word' id='word_1_245' title='bbox 1449 3759 1545 3863; x_wconf 86' lang='lat' dir='ltr'>quin</span> <span class='ocrx_word' id='word_1_246' title='bbox 1641 3748 1643 3756; x_wconf 65' lang='grc'>’</span> 
     </span>
    </p>

    <p class='ocr_par' dir='ltr' id='par_1_14' title="bbox 244 3855 1611 4002">
     <span class='ocr_line' id='line_1_34' title="bbox 244 3855 1611 4002; baseline 0.018 -65"><span class='ocrx_word' id='word_1_247' title='bbox 244 3856 557 3944; x_wconf 86' lang='lat' dir='ltr'>confundantur.</span> <span class='ocrx_word' id='word_1_248' title='bbox 580 3855 693 3941; x_wconf 90' lang='lat' dir='ltr'>Nam</span> <span class='ocrx_word' id='word_1_249' title='bbox 708 3860 742 3941; x_wconf 90' lang='lat' dir='ltr'>si</span> <span class='ocrx_word' id='word_1_250' title='bbox 761 3859 864 3942; x_wconf 85' lang='lat' dir='ltr'>radii</span> <span class='ocrx_word' id='word_1_251' title='bbox 891 3880 982 3944; x_wconf 87' lang='lat' dir='ltr'>sunt</span> <span class='ocrx_word' id='word_1_252' title='bbox 1004 3864 1208 3974; x_wconf 77' lang='lat' dir='ltr'>aequales,</span> <span class='ocrx_word' id='word_1_253' title='bbox 1232 3876 1366 3957; x_wconf 87' lang='lat' dir='ltr'>omnia</span> <span class='ocrx_word' id='word_1_254' title='bbox 1393 3874 1540 3977; x_wconf 70' lang='lat' dir='ltr'>pundo</span> <span class='ocrx_word' id='word_1_255' title='bbox 1582 3918 1611 4002; x_wconf 74' lang='lat'>3</span> 
     </span>
    </p>

    <p class='ocr_par' dir='ltr' id='par_1_15' title="bbox 238 3973 1542 4095">
     <span class='ocr_line' id='line_1_35' title="bbox 238 3973 1542 4095; baseline 0.021 -46"><span class='ocrx_word' id='word_1_256' title='bbox 238 3973 691 4083; x_wconf 83' lang='lat' dir='ltr'>circumferentiarum,</span> <span class='ocrx_word' id='word_1_257' title='bbox 711 4004 812 4084; x_wconf 88' lang='lat' dir='ltr'>quas</span> <span class='ocrx_word' id='word_1_258' title='bbox 843 3976 1094 4095; x_wconf 83' lang='lat' dir='ltr'>describent,</span> <span class='ocrx_word' id='word_1_259' title='bbox 1120 3985 1372 4091; x_wconf 73' lang='lat' dir='ltr'>aequaliter&#39;a</span> <span class='ocrx_word' id='word_1_260' title='bbox 1404 4014 1542 4078; x_wconf 89' lang='lat' dir='ltr'>centro</span> 
     </span>
    </p>

    <p class='ocr_par' dir='ltr' id='par_1_16' title="bbox 245 4083 1547 4207">
     <span class='ocr_line' id='line_1_36' title="bbox 245 4083 1547 4207; baseline 0.021 -38"><span class='ocrx_word' id='word_1_261' title='bbox 245 4083 288 4169; x_wconf 86' lang='lat' dir='ltr'><em>C</em></span> <span class='ocrx_word' id='word_1_262' title='bbox 314 4086 516 4177; x_wconf 88' lang='lat' dir='ltr'>distabunt</span> <span class='ocrx_word' id='word_1_263' title='bbox 545 4094 561 4203; x_wconf 90' lang='lat'>(</span> <span class='ocrx_word' id='word_1_264' title='bbox 592 4093 634 4206; x_wconf 88' lang='grc'>9.</span> <span class='ocrx_word' id='word_1_265' title='bbox 655 4096 739 4207; x_wconf 84' lang='grc'>998</span> <span class='ocrx_word' id='word_1_266' title='bbox 771 4096 888 4206; x_wconf 88' lang='lat' dir='ltr'>),ac</span> <span class='ocrx_word' id='word_1_267' title='bbox 906 4099 1077 4201; x_wconf 89' lang='lat' dir='ltr'>proinde</span> <span class='ocrx_word' id='word_1_268' title='bbox 1099 4102 1140 4183; x_wconf 89' lang='lat' dir='ltr'>in</span> <span class='ocrx_word' id='word_1_269' title='bbox 1159 4129 1280 4189; x_wconf 87' lang='lat' dir='ltr'>unam</span> <span class='ocrx_word' id='word_1_270' title='bbox 1306 4097 1547 4195; x_wconf 72' lang='lat' dir='ltr'>coincident.</span> 
     </span>
    </p>

    <p class='ocr_par' dir='ltr' id='par_1_17' title="bbox 243 4199 1552 4451">
     <span class='ocr_line' id='line_1_37' title="bbox 243 4199 1552 4331; baseline 0.018 -45"><span class='ocrx_word' id='word_1_271' title='bbox 243 4199 301 4295; x_wconf 81' lang='lat' dir='ltr'>Si</span> <span class='ocrx_word' id='word_1_272' title='bbox 320 4202 428 4307; x_wconf 85' lang='lat' dir='ltr'>radii</span> <span class='ocrx_word' id='word_1_273' title='bbox 455 4230 546 4294; x_wconf 86' lang='lat' dir='ltr'>sunt</span> <span class='ocrx_word' id='word_1_274' title='bbox 577 4213 829 4322; x_wconf 65' lang='lat' dir='ltr'>inequales,</span> <span class='ocrx_word' id='word_1_275' title='bbox 863 4215 1236 4330; x_wconf 83' lang='lat' dir='ltr'>circumferentiae,</span> <span class='ocrx_word' id='word_1_276' title='bbox 1264 4250 1366 4331; x_wconf 88' lang='lat' dir='ltr'>quas</span> <span class='ocrx_word' id='word_1_277' title='bbox 1393 4226 1552 4309; x_wconf 86' lang='lat' dir='ltr'>deseri·-¹</span> 
     </span>
     <span class='ocr_line' id='line_1_38' title="bbox 1438 4343 1551 4451; baseline -0.009 -27"><span class='ocrx_word' id='word_1_278' title='bbox 1438 4343 1551 4451; x_wconf 88' lang='lat' dir='ltr'>bent,</span> 
     </span>
    </p>
   </div>
   <div class='ocr_carea' id='block_1_10' title="bbox 0 0 1904 5050">
    <p class='ocr_par' dir='ltr' id='par_1_18' title="bbox 0 0 1904 5050">
     <span class='ocr_line' id='line_1_39' title="bbox 0 0 1904 5050; baseline 0 4"><span class='ocrx_word' id='word_1_279' title='bbox 0 0 1904 5050; x_wconf 95' lang='lat' dir='ltr'> </span> 
     </span>
    </p>
   </div>
  </div>
 </body>
</html>
