3800 5050
390 342 461 449 68
665 341 1274 465 *Parslttmralln
1386 428 1414 445 ,.

646 566 1184 685 Anrrcunu's
1243 598 1348 684 111
1431 580 1434 583 ’
1543 535 1550 588 ⁷

380 748 447 835 De
458 744 712 843 &salamone
727 762 930 864 analytica
942 736 1237 861 problematum
1254 757 1612 853 arithmeticorum.
1713 829 1716 834 -

386 980 470 1077 168
501 984 682 1179 CUM
695 986 899 1074 resolvere
918 989 1127 1096 problema
1140 990 1199 1075 nii
1212 990 1326 1077 aliud
1345 994 1397 1075 sit
1412 993 1430 1102 (
1448 990 1491 1107 5.
1517 1001 1640 1112 155)

605 1130 740 1215 quam
766 1109 949 1194 invenire
975 1108 1163 1194 valorem·
1178 1112 1321 1216 unius,
1358 1128 1429 1193 aut
1462 1114 1639 1217 plurium

351 1224 666 1335 incognitarum,
685 1227 827 1313 mediis
842 1227 933 1313 aliis
948 1225 1235 1334 quantitatibus
1252 1230 1638 1342 cognitis‘necessae

351 1330 412 1419 rib
437 1341 642 1449 respebius
671 1348 774 1433 inter
798 1347 878 1429 duo
909 1343 1029 1449 haee,
1055 1347 1295 1453 quantitates
1322 1369 1466 1451 nempe
1494 1353 1638 1465 cogni-

351 1470 448 1565 tas,
473 1461 515 1549 bt
541 1465 764 1579 incognitas
791 1463 943 1547 adstrui
967 1459 1099 1559 debet.
1130 1462 1184 1563 Et
1209 1465 1267 1548 ita
1293 1466 1421 1547 omnis
1437 1492 1571 1571 ,opera
1596 1471 1638 1553 in

352 1600 403 1675 ea
418 1576 589 1681 locanda
602 1642 617 1689 ,
628 1601 673 1667 ut
685 1604 826 1684 nempe
842 1577 1096 1681 explicentur.
1106 1606 1244 1683 omnes
1259 1582 1510 1685 conditiones
1525 1584 1638 1667 subs-

352 1695 541 1783 tantiales
558 1696 843 1805 problematis,
860 1696 1002 1789 mediis
1018 1696 1306 1805 aquationibus
1326 1696 1638 1804 exprimentibus

352 1814 602 1925 respenum,
621 1818 688 1927 qui
705 1814 825 1895 datur
840 1814 940 1897 inter
960 1817 1201 1925 quantitates
1218 1819 1399 1929 cognitas
1412 1878 1426 1924 ,
1441 1815 1482 1900 bt
1499 1817 1638 1935 incog-

353 1932 469 2018 nitas.
500 1936 553 2017 Et
569 1955 612 2017 ut
631 1924 837 2033 problema
854 1929 1167 2037 determinetur,
1186 1960 1287 2036 opus
1307 1953 1366 2015 est
1382 1952 1426 2016 ut
1449 1960 1636 2022 numerus

357 2051 623 2153 aquationum
647 2066 776 2152 aquet
801 2075 1007 2133 numerum
1031 2050 1352 2164 incognitarum,
1380 2050 1495 2159 cujus
1519 2042 1637 2137 valor

354 2188 426 2271 per
453 2165 613 2279 regulas
640 2163 787 2250 allatas
823 2167 1058 2252 invenietur.
1146 2236 1150 2243 .

362 2368 365 2387 2
418 2280 501 2393 169
560 2278 762 2368 Problem.
795 2311 831 2366 1.
865 2283 1091 2369 Numerum
1129 2283 1336 2388 invenire,
1366 2284 1437 2389 qui
1469 2284 1636 2391 aequalis
1697 2384 1701 2392 ‚

350 2402 401 2507 sit
427 2398 626 2506 producto
650 2399 736 2512 ejus
760 2402 916 2485 dimidii
943 2428 1017 2508 per
1040 2419 1194 2484 sextam
1223 2420 1389 2507 partem.
1419 2398 1546 2487 sotus
1573 2401 1636 2491 Sit

351 2545 384 2604 a
401 2546 586 2605 numerus
611 2520 824 2628 quaesitus:
839 2522 913 2606 erit
932 2520 1018 2630 ejus
1034 2519 1241 2607 dimidium
1260 2524 1353 2627 ξω,
1370 2544 1482 2628 sexta
1500 2542 1634 2609 autem

351 2663 445 2744 pars
464 2638 522 2742 {m
541 2665 556 2745 3
576 2637 699 2753 igitur
715 2637 829 2750 juxta
858 2641 1129 2727 conditionem
1153 2637 1443 2748 problematis,
1461 2641 1633 2750 habebi-

348 2783 435 2840 mus
461 2759 545 2857 ἐκ.
562 2763 764 2864 {azam
791 2758 860 2841 vel
883 2758 992 2865 quod
1016 2759 1123 2842 idem
1141 2779 1200 2843 est
1218 2761 1320 2870 ἦκ’
1336 2787 1450 2842 :m
1483 2753 1529 2841 Si
1547 2783 1632 2839 om·

346 2878 728 2983 nemaequationem
755 2903 901 2980 perra
928 2876 1268 2983 multiplicamus,
1298 2904 1347 2960 ac
1378 2903 1453 2978 per
1469 2901 1501 2955 m
1527 2873 1631 2954 divi·

336 2991 507 3102 edimus,
531 2993 767 3080 habebimus
784 3021 817 3078 u
829 3023 889 3078 =
905 3020 971 3078 ra.
999 2994 1111 3107 Ergo
1135 2996 1204 3078 hie
1225 2993 1300 3076 erit
1319 3017 1505 3075 numerus
1523 3016 1629 3095 qua-

346 3129 458 3196 srtus.
485 3152 509 3206 γ
1498 3192 1502 3218 ,

411 3250 491 3339 170
550 3227 751 3313 Problem.
777 3257 815 3312 2.
846 3228 963 3311 Duos
997 3253 1181 3310 numeros
1215 3227 1426 3331 invenire,
1459 3250 1630 3333 quorum

347 3371 499 3430 summa
529 3349 659 3432 sit:
674 3374 701 3430 a
718 3408 731 3455 ‚
751 3346 792 3429 bt
818 3345 1039 3429 differentia
1053 3347 1162 3429 τεά.
1195 3341 1323 3429 Solut.
1352 3340 1413 3427 sn
1436 3372 1469 3426 a
1489 3371 1630 3428 nume-

345 3493 412 3549 rus
440 3464 598 3578 major,
623 3491 849 3572 amnumerus
875 3466 1014 3548 minor.
1044 3465 1166 3562 Juxta
1189 3464 1436 3552 conditiones
1468 3461 1630 3568 proble-

348 3585 492 3692 matis,
518 3584 593 3666 erit
618 3610 652 3667 u
667 3602 879 3690 ÷z:a‚
903 3611 1006 3669 x-
1027 3610 1050 3666 a
1070 3585 1181 3669 :ci
1214 3581 1436 3669 Additione
1470 3578 1630 3685 prodiet

352 3783 411 3836 aa
427 3783 485 3836 =
501 3779 526 3833 a
542 3774 598 3831 -t-
617 3755 643 3854 d
659 3783 670 3850 ς
705 3759 766 3834 vel
791 3781 819 3834 a
834 3785 892 3836 :
908 3739 990 3866 ss
1009 3814 1021 3848 ‚
1055 3783 1102 3834 ac
1137 3757 1392 3835 subtrahendo
1424 3751 1629 3828 secundam

1113 3886 1199 3932 a—rl

347 3907 371 3983 ὲ
405 3907 528 4005 prima
559 3907 881 3999 az:a-·d‚
909 3911 1217 4010 velaz—5.

407 4096 485 4183 171
548 4072 660 4188 Ergo
679 4099 728 4154 ex
749 4071 905 4156 duabus
932 4068 1218 4178 quantitatibus
1239 4065 1528 4173 inaequalibus,
1545 4090 1628 4147 ma·
1684 4100 1686 4105 ·

335 4191 403 4308 jor
433 4193 597 4301 aqualis
624 4210 682 4274 est
702 4193 995 4296 semisummae‚
1025 4188 1163 4274 addita
1190 4187 1506 4294 semidiffer'entia
1526 4211 1535 4265 :
1556 4185 1627 4263 mi-

1547 4325 1621 4379 nor
