3800 5050
493 251 828 380 rm
878 248 882 256 “

401 459 472 563 92
774 434 912 532 Pors'
930 419 1023 535 IV.
1042 430 1168 536 Art.
1186 431 1246 539 V·
1430 560 1435 568 ‚

432 631 514 712 232
576 600 635 684 Ut
653 605 919 717 cognoscatur
938 600 1098 709 'quando
1117 602 1204 689 1100
1237 603 1377 722 r'e'guia
1401 611 1460 694 est
1488 611 1652 725 diresin,
1770 673 1775 678 -

371 741 441 805 aut
474 723 666 826 inversa,
700 746 858 804 neeesse
900 737 961 803 est
993 719 1154 826 primo,
1184 719 1372 809 accurate
1410 723 1652 846 distinguere

371 865 552 945 quanam
572 841 650 924 sint
667 837 906 944 quantitates
933 837 1245 943 respondentes,
1265 859 1334 923 aut
1361 842 1541 929 relativa
1562 877 1671 955 pro-.

370 957 575 1062 portionis.
612 953 843 1038 Generatim
870 980 1029 1059 causae,
1047 955 1090 1040 dr
1115 955 1276 1041 effeoius
1305 975 1395 1044 sunt
1412 964 1654 1068 quantitates

370 1076 560 1190 relativas.
593 1073 638 1153 In
663 1072 743 1153 hac
772 1089 907 1180 quaest.
938 1099 979 1156 v.
999 1099 1062 1186 g.:
1083 1073 1117 1155 si
1151 1099 1207 1182 30
1237 1075 1408 1176 operarii
1439 1074 1598 1163 dierum·
1620 1105 1677 1190 7¹

370 1192 500 1295 spatio
529 1188 700 1272 milliare
716 1216 837 1272 unum
861 1189 1012 1274 itineris
1045 1208 1316 1295 componunt,
1344 1217 1429 1301 300
1452 1213 1549 1300 quot
1565 1196 1650 1289 mih

370 1308 487 1389 liaria
520 1306 663 1391 eodem
688 1308 879 1413 temporis
902 1307 1034 1412 spatio
1065 1307 1296 1410 perficienti
1320 1327 1430 1412 patet
1464 1310 1573 1420 quod
1594 1337 1649 1420 30

371 1427 545 1529 operarii
578 1425 628 1510 81-
649 1453 771 1509 unum
796 1422 967 1510 milliare
990 1419 1269 1530 elaboratum,
1290 1452 1365 1509 nec.
1389 1453 1467 1510 non
1496 1427 1538 1512 81
1565 1453 1653 1538 300

372 1545 572 1647 operarii,
601 1568 652 1625 00
694 1539 882 1622 milliaria
915 1535 1162 1624 elaboranda
1195 1561 1284 1628 sunt
1312 1546 1552 1650 quantitates
1586 1571 1654 1628 te-

369 1661 516 1744 lativae.
548 1652 759 1743 Secundo:
789 1654 993 1738 sciendum
1013 1659 1122 1766 quod
1147 1661 1250 1742 inter
1280 1664 1653 1772 quantitatescog-

369 1785 472 1866 nitas
497 1840 511 1886 ,
533 1801 689 1881 semper
717 1774 806 1856 dua
830 1793 920 1858 sunt
945 1774 1235 1890 homogeneae,
1260 1805 1330 1862 seu
1357 1776 1534 1890 ejusdem
1561 1803 1649 1881 spe-

369 1902 477 2006 ciei,
508 1899 589 2001 alia
617 1919 710 1976 cum
738 1893 958 1996 quantitate
978 1899 1144 1998 quaesita
1181 1897 1445 2008 homogenea.
1481 1893 1550 1980 sic
1580 1919 1651 2003 30,

247 2021 250 2026 ’
367 2020 522 2125 81300
550 2009 723 2117 operarii
743 2008 982 2113 quantitates
999 2010 1256 2120 homogeneae
1277 2031 1395 2112 sunt,
1424 2040 1546 2096 unum
1564 2012 1653 2092 mil.
1779 2041 1784 2052 ·

367 2133 467 2216 liare
496 2116 789 2240 (elaboratum)
809 2182 822 2226 ‚
841 2124 883 2204 81
901 2121 1088 2204 milliaria
1108 2121 1401 2231 (elaboranda)
1421 2128 1615 2206 similiter.

380 2246 385 2254 ’
431 2275 514 2357 033
575 2243 670 2326 Hoc
692 2241 899 2344 supposito
925 2238 1163 2322 tenendum:
1192 2232 1329 2321 Primd
1345 2299 1359 2344 ,
1378 2240 1486 2346 quod
1509 2237 1651 2352 regula

369 2367 489 2449 trium
512 2381 572 2446 est
600 2358 751 2442 diretta
778 2383 932 2461 semper
955 2384 1003 2438 au
1028 2351 1051 2438 ὲ
1080 2358 1207 2460 prima
1230 2359 1493 2464 quantitatum
1513 2357 1655 2439 horno-

369 2507 582 2600 genearum
601 2479 761 2594 cognita
790 2496 979 2583 tanquam
1009 2475 1258 2559 antecedenti
1275 2536 1288 2580 ,
1305 2475 1349 2559 dt
1367 2475 1541 2560 secunda
1562 2493 1655 2560 tan-

370 2631 491 2711 quam
515 2598 801 2704 consequenti,
827 2622 906 2677 una
939 2596 1091 2678 ratione
1120 2591 1329 2699 conflata,
1358 2596 1558 2703 quantitas
1586 2620 1655 2677 re-

369 2723 498 2807 lativa
526 2721 663 2824 prima
688 2713 866 2797 efformet
896 2740 988 2795 cunr
1017 2716 1236 2820 quantitate
1268 2712 1439 2798 relativa
1469 2708 1653 2795 secundae

368 2843 537 2926 eandem
555 2836 748 2922 rationem
762 2830 923 2942 majoris
939 2852 1037 2934 ‚aut
1056 2833 1217 2916 minoris
1235 2832 1525 2939 inaequalitatis.
1556 2824 1656 2906 Hoc

369 2978 431 3038 est
460 2957 477 3063 (
508 2954 656 3065 5184
697 2952 714 3059 )
740 2949 849 3054 quod
874 2949 1108 3052 durescit,
1140 2967 1209 3031 aut
1240 2948 1456 3051 decrescit,
1477 2937 1653 3027 secunda

372 3069 570 3179 quantatis
596 3069 842 3175 homogenea
865 3062 1045 3162 respectu
1070 3064 1206 3162 primae
1222 3116 1239 3157 ,
1254 3058 1372 3140 debet
1400 3058 1518 3137 etiam
1549 3081 1653 3139 cres-

373 3215 465 3271 eere
482 3246 495 3290 ‚
512 3199 581 3265 aut
603 3180 833 3265 decrescere
859 3177 899 3253 in
917 3177 1058 3259 eadem
1083 3176 1237 3253 ratione
1266 3173 1463 3276 quantitas
1482 3171 1654 3259 relativa

236 3325 238 3330 ·
374 3304 427 3389 ad
453 3298 667 3384 secundam
684 3294 972 3403 homogeneam
990 3286 1169 3391 respediu
1183 3284 1362 3372 relativae
1378 3292 1513 3393 primae
1531 3318 1654 3397 quan-

375 3419 509 3502 t-itatis.
539 3416 584 3497 In
608 3413 690 3497 hoc
706 3432 803 3490 casu
821 3405 1028 3517 incognita·
1050 3404 1275 3491 collocatur
1303 3428 1444 3513 quarto
1474 3410 1514 3491 in
1545 3410 1653 3512 loc0‚
1707 3472 1708 3477 a

376 3565 426 3621 ac
464 3532 748 3616 determinatur
785 3521 1005 3605 dividendo
1044 3522 1282 3628 productum
1324 3526 1544 3608 mediorum
1582 3548 1655 3627 per

376 3656 550 3762 primum
573 3643 822 3753 terminum(
867 3638 908 3754 5
930 3654 1016 3751 217'
1061 3635 1339 3751 5150001111ὸο
1367 3642 1506 3754 regula
1536 3641 1655 3723 trium

376 3792 436 3856 est
459 3773 615 3852 inversa
643 3788 798 3867 semper
831 3786 880 3843 ac
907 3760 1113 3843 efformata
1143 3786 1222 3843 una
1246 3762 1397 3840 ratione
1416 3780 1507 3835 cum
1528 3754 1655 3856 prima
1779 3758 1791 3777 ⁰

377 3890 544 3972 duarum
563 3882 825 3991 quantitatum
842 3879 1178 3990 homogenearurn
1194 3876 1447 3986 ,cognitarum
1466 3874 1655 3975 tanquam

375 4003 653 4106 antecedenti,¹
682 3999 724 4084 u
757 3992 932 4078 secunda
967 4015 1156 4099 tanquam
1186 3988 1474 4094 consequenti,
1507 3987 1540 4071 si
1568 3988 1656 4067 haec

375 4144 434 4209 est
458 4119 648 4232 majoris,
675 4133 744 4200 aut
773 4113 933 4195 minoris
960 4108 1268 4215 inaequalitatis,
1294 4106 1502 4211 quantitas·
1517 4103 1656 4188 relati-

376 4272 430 4332 va
460 4241 514 4326 ad
540 4239 707 4345 primam
724 4230 843 4316 debet
862 4228 1033 4315 formare
1052 4253 1144 4313 cum
1172 4225 1389 4334 quantitate
1407 4223 1579 4309 relativa
1605 4216 1659 4302 ad

1597 4360 1663 4416 se-
