3800 5050
490 398 573 507 De
588 398 876 531 Potentia,
901 396 964 519 δι’
994 331 1263 503 radicibus.
1420 430 1491 533 29

230 582 460 687 sueram,
468 575 634 663 ratione
676 572 791 688 cujus
832 593 937 661 notae
981 567 1236 681 speeifiere
1221 600 1271 663 a
1291 569 1407 660 nobis
1441 602 1522 661 ιο-

233 722 390 787 cantur.
641 732 645 745 ¹

296 819 350 929 83
409 812 521 929 Ergo
549 811 666 899 radix
694 812 810 895 unius
840 830 944 897 uotae
966 768 1163 917 producet
1184 809 1423 948 quadratum
1438 873 1452 917 ,
1469 810 1525 897 ad

233 932 456 1039 summum,
484 932 653 1019 duarum
685 950 942 1068 notarum3
927 956 1020 1013 nam
1051 929 1222 1015 unitates
1252 955 1324 1034 per
1353 931 1526 1014 unitates

235 1082 313 1138 non
345 1070 510 1157 possunt
540 1050 614 1134 nisi
641 1049 840 1152 unitates,
864 1047 908 1132 bt
932 1028 987 1131 ad
1018 1073 1213 1132 summum
1239 1045 1412 1131 decenaa
1432 1074 1523 1151 pro

164 1258 169 1262 ,
234 1171 398 1256 ducere.
434 1168 569 1255 Radix
608 1167 778 1251 duarum
810 1184 994 1259 notarum
1026 1165 1181 1248 nonnisi
1221 1184 1393 1271 quatuor
1427 1191 1526 1269 pro·

234 1288 385 1372 ducere
417 1289 595 1393 poterit,
632 1286 773 1370 saltem
810 1294 945 1369 ¹autem
982 1283 1134 1387 trium,
1163 1308 1255 1365 nam
1283 1283 1525 1388 quadratum

235 1403 478 1491 decenarum
515 1403 569 1487 ad
601 1404 742 1489 minuc
759 1421 945 1485 centenas
974 1400 1196 1505 'exprimere
1225 1396 1357 1482 debet.
1389 1398 1524 1484 Radix

153 1510 157 1519 ¹
232 1524 354 1608 trium
382 1542 564 1607 notarum
584 1520 822 1627 quadratum
843 1518 897 1604 ad
914 1519 1043 1603 minus
1062 1517 1266 1625 quinque,
1286 1516 1328 1601 δι
1348 1514 1403 1601 ad
1418 1544 1526 1603 sum-

232 1650 342 1727 mum'
367 1665 439 1725 sex
467 1648 651 1723 notarum
681 1636 909 1742 producet,
934 1638 1031 1741 quia
1061 1636 1300 1742 quadratum
1331 1655 1524 1721 centena-

233 1783 324 1859 rum
356 1758 434 1842 ad
457 1757 618 1839 minus
630 1775 817 1841 centenas
860 1753 959 1838 mill.
995 1751 1217 1885 producere
1252 1778 1414 1836 necesse
1447 1772 1523 1850 est.

233 1871 326 1954 Et
314 1891 372 1956 uta
398 1869 607 1978 quodlibet
636 1872 874 2006 quadratum
899 1868 954 1953 ad
982 1871 1177 1955 summum
1204 1868 1377 1976 duplum
1407 1890 1522 1954 nota·

233 2014 324 2073 rum
351 1989 531 2094 radicis,
560 1989 602 2072 &
631 1989 685 2073 ad
716 1992 844 2071 minus
875 1986 1054 2124 duplum·
1069 2014 1150 2072 uua
1179 2006 1350 2091 excepta
1387 1989 1522 2071 conti-

232 2130 327 2191 nere
359 2104 491 2189 debet.
529 2105 718 2191 Omnium
748 2106 933 2209 exempla
966 2106 1138 2211 accipe.
1168 2111 1228 2217 9.
1247 2102 1420 2219 9:81.
1442 2110 1523 2191 10.

235 2226 960 2309 10=1oo.100.100::10000.

199 2372 203 2376 ·
293 2339 352 2445 84
395 2341 469 2425 Ει
489 2340 568 2423 hoc
584 2339 750 2425 infertur
769 2340 967 2426 radicem
975 2340 1154 2444 numeri,
1173 2340 1317 2446 unius,
1336 2359 1406 2427 aut
1423 2285 1522 2425 dua

232 2482 321 2542 rum
351 2477 565 2564 notarum,
585 2459 701 2542 unica
730 2478 824 2542 nota
852 2478 1065 2542 constare.
1084 2458 1234 2564 trium,
1249 2476 1321 2544 aut
1337 2479 1523 2568 quatuor,

233 2571 416 2660 duabus:
440 2575 645 2683 quinque,
671 2597 740 2659 aut
776 2603 874 2681 seu,
894 2573 1032 2659 tribus.

294 2691 347 2798 85
410 2689 455 2778 Si
481 2721 579 2808 ergo
598 2719 894 2798 quemcunque
889 2717 1106 2776 numerum
1133 2691 1175 2772 in
1201 2692 1325 2779 series
1357 2649 1523 2778 divida-

231 2819 349 2914 mus,
375 2835 545 2916 quarum
572 2806 759 2915 qualibet
787 2807 957 2892 duabus
968 2809 1071 2891 notis
1096 2828 1279 2914 constet,
1311 2805 1521 2894 bdeutera

82 2962 83 2970 ι
145 2999 149 3006 .
234 2925 497 3063 incipiendo,
516 2925 634 3010 radix
663 2944 722 3008 tot
750 2945 865 3010 notas
895 2923 1092 3032 babebit,
1120 2944 1218 3033 quot
1243 2927 1366 3010 series
1389 2929 1430 3010 in
1449 2929 1523 3011 illo

232 3069 399 3138 numero
422 3044 536 3150 ¹sint,
561 3044 644 3128 u
633 3071 674 3126 ιι
702 3042 879 3151 qualibet
910 3044 1150 3152 quadratum
1172 3045 1281 3128 illius
1305 3067 1408 3130 notae
1428 3074 1524 3150 spe-

227 3160 389 3271 cidere,
409 3171 504 3269 ‘qu'ae
526 3163 570 3245 'ei
594 3163 641 3243 in
671 3162 808 3247 radice
840 3161 1110 3268 respoudeat,
1128 3160 1420 3270 contine-biturq
1440 3166 1521 3248 hoc

234 3297 324 3386 ert,
355 3281 400 3362 in
424 3281 542 3364 serie
559 3280 687 3384 prima
715 3279 777 3364 ad
804 3279 1009 3365 dexteram
1037 3278 1277 3388 quadratum
1312 3282 1521 3365 unitatum:

228 3391 297 3478 -in
310 3339 502 3483 ’secunda
524 3396 812 3482 ιᾶιιειιιιιιιιιι
853 3400 900 3482 in
940 3400 1059 3483 tertia
1108 3417 1369 3487 centenorum
1408 3401 1522 3483 radi-

236 3510 297 3594 cis
321 3511 400 3596 bre.
511 3526 513 3532 ’
744 3583 750 3594 .

297 3627 355 3714 86
416 3627 571 3716 Verum
591 3659 683 3716 cum
707 3634 747 3715 in
765 3630 929 3747 singulis
948 3632 1121 3714 numeris
1146 3659 1223 3714 non
1244 3596 1372 3717 solum
1397 3634 1522 3716 conti·

84 3757 86 3806 i
225 3765 401 3834 neantur
412 3749 618 3856 quadrata
636 3769 818 3834 notarum
835 3749 1112 3853 specificatum
1129 3749 1300 3858 radicis,
1314 3750 1385 3834 sed
1399 3754 1519 3833 etiam

226 3867 400 3972 duplum
418 3867 715 3972 productorum
719 3866 966 3974 binariorpm
973 3887 1164 3954 notarum
1179 3814 1338 3954 iilardm
1355 3866 1414 3981 (9.
1433 3870 1521 3981 82)

225 3981 439 4090 observari
460 4013 563 4090 opus
584 4006 670 4092 est,
696 3985 812 4094 quod
826 3962 1208 4093 duplomuniratnm
1224 4004 1311 4090 peu
1331 3986 1522 4093 decenus,

232 4096 417 4182 valorem
428 4103 677 4194 'decenarum
690 4105 749 4190 ad
759 4105 897 4190 ,minus
912 4100 1116 4209 habebit,
1131 4132 1224 4188 nam
1247 4131 1300 4188 ι’.
1325 4130 1521 4190 10:10:

228 4209 400 4322 duplum
426 4221 620 4307 unitatum
650 4249 723 4328 per
762 4241 980 4329 centenas,
1001 4220 1195 4339 'valorem
1228 4220 1393 4309 habebit
1420 4251 1519 4306 cen-

1458 4358 1521 4418 te«
