3800 5050
420 417 491 525 μ
761 360 1304 514 mmmm

380 588 442 680 jor
461 643 474 678 ,
500 611 529 663 x
544 584 603 665 ⁴:
620 609 645 663 a
660 588 726 663 d:
742 584 828 699 ts(b
845 628 910 651 —-
925 589 1016 704 α’),
1043 601 1151 695 cujus
1169 606 1276 681 valor
1293 604 1524 697 substitutus
1536 620 1576 699 in
1598 648 1670 703 ex-

384 712 591 821 'pr'ession'e'
614 743 738 802 αα-
754 747 815 826 x,
841 749 984 831 nempe
1009 730 1163 815 numeri
1189 732 1384 847 minoris,
1411 746 1487 826 etit
1514 748 1583 836 hie
1608 782 1671 843 :2
1752 797 1769 839 a

390 875 446 929 aa
463 896 526 913 -
543 878 568 930 a
584 880 650 953 ,Τ-
675 852 769 963 ts(b
787 852 911 967 -a¹)
935 889 981 940 Ξ
1008 888 1033 941 a
1057 892 1124 965 ss
1141 864 1380 979 ts(b-a⁵);
1419 902 1490 955 nec
1525 890 1671 970 mima-¹

381 982 477 1068 dum
507 986 619 1100 signa
646 982 865 1095 inferiora,
896 1018 986 1097 quae
1015 997 1195 1096 radicale
1212 1004 1454 1107 praecedunt
1472 1068 1486 1111 ,
1501 1024 1583 1096 'non
1601 1045 1670 1102 re-

379 1102 539 1186 solvere
579 1099 821 1211 problema,
862 1112 1009 1215 quoad‘
1030 1115 1073 1195 id
1112 1116 1221 1223 quod
1255 1140 1323 1203 est
1344 1150 1547 1211 numerum
1570 1160 1668 1217 ‘ma-

373 1217 505 1329 jorem
535 1218 766 1334 significate¹
793 1222 1008 1311 formulam
1026 1233 1223 1341 primam,
1240 1239 1432 1323 minorem
1447 1264 1580 1330 autem
1598 1251 1667 1331 se-‘

379 1335 564 1420 cundam.
599 1336 712 1421 Nam
740 1344 984 1448 aequationes
1010 1373 1290 1459 nonnunquam
1318 1359 1421 1442 inter
1445 1389 1564 1448 veros
1594 1392 1667 1457 va·

377 1452 485 1545 lores
530 1456 635 1539 dant
664 1459 784 1539 etiam
815 1458 1072 1571 superfluos,
1106 1470 1227 1575 quod.
1258 1474 1420 1579 quidem
1454 1482 1582 1568 oritur
1615 1514 1666 1569 ex

376 1572 687 1676 complicatione
715 1575 992 1676 operationum
1020 1582 1063 1665 in
1091 1585 1173 1670 illis
1200 1595 1470 1706 peragendis,
1490 1602 1531 1682 in
1561 1631 1665 1707 qua-

374 1715 463 1771 rum
491 1714 703 1803 progressu
730 1692 945 1777 verisimile
973 1717 1034 1782 est
1066 1706 1208 1789 tacitas
1232 1709 1390 1818 aliquas
1413 1716 1664 1805 conditiones

374 1806 561 1912 misceri,
590 1823 795 1892 numerum
820 1810 1003 1898 radicum
1030 1844 1253 1937 augentes,
1283 1856 1426 1928 verum
1453 1831 1576 1920 facile
1592 1868 1664 1925 su-

371 1922 538 2030 perfluae
577 1917 603 2007 b
642 1928 749 2008 veris
792 1926 1099 2040 discernentur,
1137 1944 1172 2022 si
1208 1945 1450 2035 successivb
1478 1954 1664 2044 locentur

373 2070 509 2126 omnes
537 2042 697 2127 valores
725 2046 766 2127 in
789 2046 941 2130 cunbiis
962 2054 1262 2162 aquationibus.
1625 2062 1633 2080 '

436 2184 518 2273 179
596 2159 843 2273 Diximus(
894 2164 1064 2279 §168-
1102 2168 1118 2276 )
1156 2170 1210 2251 ad
1245 2168 1331 2252 hoc
1360 2194 1409 2259 nt
1449 2180 1661 2285 problema

371 2281 422 2363 sit
453 2278 786 2387 determinatum,
817 2286 964 2389 requiri
1004 2311 1209 2366 numerum
1237 2294 1505 2393 aquationum
1541 2302 1660 2388 subs-

367 2397 595 2481 tantialium
614 2457 627 2503 ,
648 2398 792 2505 quibus
820 2403 1070 2482 conditiones
1095 2407 1447 2507 proportionantur
1463 2444 1659 2529 ,aequare

371 2545 576 2602 numerum
606 2518 929 2634 incognitarum
957 2513 1038 2598 hoc
1066 2539 1154 2628 est,
1176 2524 1424 2617 conditiones
1444 2537 1591 2626 debere
1612 2554 1658 2630 te

370 2639 458 2744 ipsa
477 2699 490 2745 ,
510 2665 587 2720 non
606 2635 907 2746 specietenus,
939 2633 1108 2751 differre.
1146 2641 1199 2725 V.
1229 2673 1270 2759 g.
1303 2647 1546 2755 Quaerantur
1573 2663 1657 2745 duo

369 2759 523 2842 numeri
548 2782 581 2836 rt
597 2779 654 2862 ,y
676 2776 845 2860 quorum
873 2777 1029 2837 summa·
1053 2758 1104 2839 sit
1118 2787 1181 2844 ::
1195 2790 1279 2870 aa,
1300 2774 1550 2859 semisumma
1577 2804 1657 2862 au-

370 2893 595 2976 tem=a3
622 2872 750 2981 juxta¹
770 2869 845 2956 has
882 2872 1134 2967 conditiones
1172 2877 1410 2984 habebimus
1439 2913 1564 3000 ssa-p
1591 2924 1655 2980 τ..

375 3031 462 3099 2a,
491 2993 577 3115 fssy-
593 3030 649 3082 :z
667 3029 720 3100 a3
751 3006 1036 3106 multiplicando
1058 3039 1138 3110 sper
1169 3040 1192 3092 2
1227 3023 1433 3100 secundam
1467 3028 1652 3125 aquatio-

371 3166 491 3242 nem,
517 3133 685 3219 resultat
713 3157 914 3254 stu-y:
931 3166 1019 3245 na,
1046 3168 1136 3247 quae
1167 3145 1312 3229 eadem
1335 3168 1396 3261 est
1421 3179 1480 3265 ac
1508 3158 1653 3269 prima,

369 3283 419 3339 ac
449 3255 615 3360 proinde
642 3255 760 3366 unica
787 3275 846 3338 est
871 3257 1050 3362 conditio
1079 3259 1369 3372 problematis,
1389 3268 1486 3352 licet
1518 3275 1652 3362 divet-

369 3375 423 3457 sae
449 3392 699 3480 appareant,
720 3400 813 3457 cum
835 3376 956 3459 unica
983 3379 1034 3459 sit
1059 3383 1244 3486 aequatio.
1275 3384 1320 3466 ln
1346 3386 1426 3470 hoc
1453 3418 1549 3480 casu
1568 3455 1581 3501 ,
1600 3425 1652 3480 ac

367 3493 591 3598 similibus,
631 3489 848 3599 inquibus
887 3496 1016 3578 minor
1052 3517 1111 3579 est
1147 3526 1331 3585 numerus
1370 3516 1651 3618 aquationum,

368 3639 488 3722 quam
518 3611 1069 3726 incognitarum,ptoblema
1089 3638 1258 3718 vocatur
1288 3622 1653 3733 indeterminatum,

366 3719 565 3836 nunquam
594 3731 697 3813 enim
731 3733 942 3836 pervenire
970 3735 1190 3836 'poterimus
1215 3738 1269 3818 ad
1292 3745 1583 3850 aquationem,
1608 3747 1650 3825 in

366 3877 446 3958 qua
468 3849 586 3932 unica
607 3851 656 3930 sit
683 3849 915 3962 incognita3
941 3850 983 3932 δι
1008 3850 1116 3930 ideo·
1131 3854 1244 3935 unius
1264 3881 1313 3936 ex
1337 3857 1418 3938 illis
1448 3863 1565 3944 valor
1586 3863 1653 3960 ar-'

364 3964 527 4052 bitrarib
553 3967 907 4070 determinandus,
939 3985 982 4047 ut
1011 3969 1174 4074 reliquae
1194 3992 1499 4084 cognoscantur.
1534 3980 1650 4086 Quae·

365 4105 504 4172 runtur
533 4079 571 4171 v}
593 4119 631 4202 g.
657 4086 738 4166 duo
768 4085 919 4167 numeri
941 4113 1004 4188 st,
1028 4110 1057 4190 y
1088 4113 1257 4191 quorum
1290 4117 1443 4177 summa
1471 4100 1649 4184 sitztt

347 4205 424 4291 ·Ut
449 4209 619 4292 maxime
643 4201 876 4309 laboretur,
902 4230 982 4287 non
1007 4205 1231 4291 invenietur
1257 4211 1332 4293 nisi
1362 4213 1451 4298 haec
1477 4221 1652 4326 aeqoatio

1544 4354 1651 4440 orl-y
